
@inproceedings{andrade_variacao_1998,
	address = {Lisbon},
	title = {Variação fonética do /l/ em ataque silábico em {Português} {Europeu}},
	booktitle = {Atas do {IX} {Encontro} {Nacional} da {Associação} {Portuguesa} de {Linguística}},
	publisher = {Universidade de Lisboa},
	author = {Andrade, Amália},
	year = {1998},
	pages = {55--76}
}

@article{archibald_second_2003,
	title = {The {Second} {Language} {Segment} {Revisited}},
	volume = {19},
	number = {3},
	journal = {Second Language Research},
	author = {Archibald, John and Young-Scholten, Martha},
	year = {2003},
	pages = {163--167}
}

@article{aoyama_perceived_2004,
	title = {Perceived phonetic dissimilarity and {L2} speech learning: {The} case of {Japanese} /r/ and {English} /l/ and /r/},
	volume = {32},
	doi = {https://doi.org/10.1016/S0095-4470(03)00036-6},
	number = {2},
	journal = {Journal of Phonetics},
	author = {Aoyama, Katsura and Flege, James Emil and Guion, Ssusan and Akahane-Yamada, Reiko and Yamada, Tsuneo},
	year = {2004},
	pages = {233--250}
}

@book{avery_preliminary_1987,
	address = {London},
	title = {Preliminary considerations in the teaching of pronunciation},
	publisher = {TESL Center},
	author = {Avery, Peter and Ehrlich, Susan},
	year = {1987}
}

@book{batalha_o_1995,
	address = {Macau},
	title = {O {Português} falado e escrito pelos {Chineses} de {Macau}},
	publisher = {Instituto Cultural de Macau},
	author = {Batalha, Graciete Nogueira},
	year = {1995}
}

@article{bates_fitting_2015,
	title = {Fitting {Linear} mixed-effects models using lme4},
	volume = {67},
	journal = {Journal of Statistical Software},
	author = {Bates, Douglas and Mächler, Martin and Bolker, Ben M. and Walker, Steve},
	year = {2015},
	pages = {1--48}
}

@incollection{best_nonnative_2007,
	address = {Amsterdam/Philadelphia},
	title = {Nonnative and {Second} {Language} {Speech} {Perception}: {Commonalities} and {Complementarities}},
	booktitle = {Language {Experience} in {Second} {Language} {Speech} {Learning} – {In} {Honor} of {James} {Emil} {Flege}},
	publisher = {John Benjamins Publishing Company},
	author = {Best, Catherine and Tyler, Michael},
	editor = {Bohn, Ocke-Schwen and Munro, Murray J.},
	year = {2007},
	pages = {13--34}
}

@misc{boersma_praat_2016,
	title = {Praat – doing phonetics by computer. {Version} 6.0.15},
	url = {www.praat.org},
	journal = {Praat},
	author = {Boersma, Paul and Weenink, David},
	year = {2016}
}

@article{brown_role_1998,
	title = {The role of the {L1} grammar in the {L2} acquisition of segmental structure},
	volume = {14},
	number = {2},
	journal = {Second Language Research},
	author = {Brown, Cynthia},
	year = {1998},
	pages = {136--193}
}

@article{carlisle_acquisition_1998,
	title = {The {Acquisition} of {Onsets} in a {Markedness} {Relationship}},
	volume = {20},
	doi = {https://doi.org/10.1017/s027226319800206x},
	number = {2},
	journal = {Studies in Second Language Acquisition},
	author = {Carlisle, Robert},
	year = {1998},
	pages = {245--260}
}

@inproceedings{chen_acquisition_2003,
	address = {University of Edinburgh},
	title = {Acquisition of {English} onset clusters by {Chinese} learners in {Taiwan}},
	url = {http://www.lel.ed.ac.uk/~pgc/archive/2003/proc03/Szu-wei_Chen03.pdf},
	author = {Chen, Szu-wei},
	year = {2003}
}

@incollection{chen_becoming_2014,
	address = {New York and London},
	title = {Becoming global citizens through bilingualism: {Language} policy and {Chinese} citizenship education in a globalising world},
	isbn = {978-0-415-50272-6},
	booktitle = {Citizenship {Education} in {China}: {Preparing} {Citizens} for 'the {Chinese} century'},
	publisher = {Routledge Taylor \& Francis Group},
	author = {Chen, Yang Guang},
	year = {2014},
	pages = {144--156}
}

@article{chih_een_2013,
	title = {E/{LE} en {Taiwán}: {Problemas} de apreciación fonética en estudiantes universitarios de grado [{Spanish} as a {Foreign} {Language} in {Taiwan}: {Problems} with the phonetic assessment of undergraduate students]},
	volume = {9},
	journal = {SinoELE},
	author = {Chih, Martín Te-chi},
	year = {2013},
	pages = {17--32}
}

@incollection{colantoni_reinterpreting_2004,
	address = {Amsterdam},
	title = {Reinterpreting the {CV} transition: an acoustic account of the emergence of the glide as an allophone of the palatal lateral in {Argentine} {Spanish}},
	booktitle = {Contemporary approaches to {Romance} linguistics},
	publisher = {John Benjamins Publishing Company},
	author = {Colantoni, Laura},
	editor = {Clements, J. Clancy and Vance, Barbara Jane and Auger, Julie},
	year = {2004},
	pages = {83--102}
}

@article{colatoni_voicing_2007,
	title = {Voicing {Dependent} {Cluster} {Simplification} {Asymmetries} in {Spanish} and {French}},
	doi = {https://doi.org/10.1075/cilt.282.09col},
	journal = {Segmental and Prosodic Issues in Romance Phonology},
	author = {Colatoni, Laura and Steele, Jeffrey},
	month = nov,
	year = {2007},
	pages = {109--129}
}

@article{colantoni_integrating_2008,
	title = {Integrating articulatory constraints into models of second language phonological acquisition},
	volume = {29},
	issn = {0142-7164, 1469-1817},
	url = {https://www.cambridge.org/core/product/identifier/S0142716408080223/type/journal_article},
	doi = {10.1017/S0142716408080223},
	language = {en},
	number = {3},
	journal = {Applied Psycholinguistics},
	author = {Colantoni, Laura and Steele, Jeffrey},
	month = jul,
	year = {2008},
	pages = {489--534}
}

@book{colantoni_second_2015,
	address = {U.K.},
	title = {Second {Language} {Speech}: {Theory} and {Practice}},
	publisher = {Cambridge University Press},
	author = {Colantoni, Laura and Steele, Jeffrey and Escudero, Paola},
	year = {2015}
}

@inproceedings{cristofaro-silva_sound_2003,
	address = {Barcelona},
	title = {Sound {Change} in {Tautossyllabic} {Consonantal} {Clusters} in {Brazilian} {Portuguese}},
	volume = {1},
	booktitle = {Proceedings of the 15th {International} {Congress} of {Phonetic} {Sciences}},
	author = {Cristófaro-Silva, Thaïs},
	year = {2003},
	pages = {1675--1678}
}

@incollection{diehl_explaining_2000,
	address = {New York},
	title = {Explaining the structure of feature and phoneme inventory: {The} role of auditory distinctiveness},
	booktitle = {Speech processing in the auditory system},
	publisher = {Springer},
	author = {Diehl, Randy and Lindlblom, Björn},
	editor = {Greenberg, Steven and Fay, Richard R. and Ainsworth, William},
	year = {2000},
	pages = {101--162}
}

@incollection{duanmu_chinese_2005,
	address = {Oxford},
	edition = {2nd Edition},
	title = {Chinese ({Mandarin}): phonology},
	booktitle = {Encyclopedia of {Language} and {Linguistics}},
	publisher = {Elsevier Publishing House},
	author = {Duanmu, San},
	editor = {Brown, Keith},
	year = {2005},
	pages = {351--355}
}

@book{duanmu_phonology_2007,
	address = {Oxford},
	edition = {2nd Edition},
	title = {The {Phonology} of {Standard} {Chinese}},
	publisher = {Oxford University Press},
	author = {Duanmu, San},
	year = {2007}
}

@inproceedings{enochson_l2_2014,
	address = {Concordia},
	title = {L2 {Production} of {English} {Onset} {sC} and {CC} {Clusters}},
	volume = {5},
	booktitle = {Proceedings of the {International} {Symposium} on the {Acquisition} of {Second} {Language} {Speech} {Concordia} {Working} {Papers} in {Applied} {Linguistics}},
	publisher = {Concordia University},
	author = {Enochson, Kelly},
	year = {2014},
	pages = {171--184}
}

@article{escudero_novel_2008,
	title = {Novel second-language words and asymmetric lexical access},
	volume = {36},
	doi = {https://doi.org/10.1016/j.wocn.2007.11.002},
	number = {2},
	journal = {Journal of Phonetics},
	author = {Escudero, Paola and Hayes-Harb, Rachel and Mitterer, Holger},
	year = {2008},
	pages = {345--360}
}

@phdthesis{fikkert_acquisition_1994,
	address = {The Hague},
	type = {Doctoral dissertation},
	title = {On the acquisition of prosodic structure},
	school = {Leiden University},
	author = {Fikkert, Paula},
	year = {1994}
}

@incollection{flege_second_1995,
	address = {Timonium, MD},
	title = {Second {Language} {Speech} {Learning}: {Theory}, {Findings} and {Problems}},
	booktitle = {Speech {Perception} and {Linguistic} {Experience}: {Issues} in {Cross} {Language} {Research}},
	publisher = {New York Press},
	author = {Flege, James},
	year = {1995},
	pages = {233--277}
}

@phdthesis{freitas_aquisicao_1997,
	address = {Lisbon},
	type = {Unpublished {PhD} {Dissertation}},
	title = {Aquisição da estrutura silábica do {Português} {Europeu}},
	school = {Universidade de Lisboa},
	author = {Freitas, Maria João},
	year = {1997}
}

@article{freitas_acquisition_2003,
	title = {The acquisition of onset clusters in {European} {Portuguese}},
	volume = {15},
	journal = {Probus},
	author = {Freitas, Maria João},
	year = {2003},
	pages = {27--46}
}

@article{gick_language-specific_2004,
	title = {Language-specific articulatory settings: {Evidence} from inter-utterance rest position},
	volume = {61},
	journal = {Phonetica},
	author = {Gick, Bryan and Wilson, Ian and Koch, Karsten and Cook, Clare},
	year = {2004},
	pages = {220--233}
}

@article{graham_optimalitytheoretic_2017,
	title = {An {Optimality}–theoretic {Account} of the {Evolution} of {Intervocalic} {Sonorants} from {Latin} to {Spanish} and {Portuguese}},
	volume = {16},
	number = {3},
	journal = {Journal of Portuguese Linguistics},
	author = {Graham, Lamar},
	year = {2017},
	pages = {1--20}
}

@inproceedings{guan_phonotactic_2016,
	address = {Honolulu, USA},
	title = {Phonotactic and prosodic adaptation of non-native consonant sequences by {Mandarin} native speakers},
	booktitle = {Poster presented at 172nd {Meeting} of the {Acoustical} {Society} of {America}},
	author = {Guan, Qianwen and Kwon, Harim},
	year = {2016}
}

@article{halle_dental--velar_2007,
	title = {Dental-to-velar perceptual assimilation: {A} cross-linguistic study of the perception of dental stop +/l/ clusters},
	volume = {121},
	number = {5},
	journal = {Journal of the Acoustical Society of America},
	author = {Hallé, Pierre and Best, Catherine},
	year = {2007},
	pages = {2899--2914}
}

@article{hayes-harb_development_2008,
	title = {Development of the ability to lexically encode novel second language phonemic contrasts},
	volume = {24},
	issn = {0267-6583, 1477-0326},
	url = {http://journals.sagepub.com/doi/10.1177/0267658307082980},
	doi = {10.1177/0267658307082980},
	language = {en},
	number = {1},
	journal = {Second Language Research},
	author = {Hayes-Harb, Rachel and Masuda, Kyoko},
	month = jan,
	year = {2008},
	pages = {5--33},
	file = {Texto Completo:C\:\\Users\\Miguel\\Zotero\\storage\\E5RZISIV\\Hayes-Harb e Masuda - 2008 - Development of the ability to lexically encode nov.pdf:application/pdf}
}

@article{he_production_2014,
	title = {Production of {English} {Syllable} {Final} /l/ by {Mandarin} {Chinese} {Speakers}},
	volume = {5},
	issn = {1798-4769},
	url = {http://www.academypublication.com/issues/past/jltr/vol05/04/03.pdf},
	doi = {10.4304/jltr.5.4.742-750},
	number = {4},
	journal = {Journal of Language Teaching and Research},
	author = {He, Yunjuan},
	month = jul,
	year = {2014},
	pages = {742--750},
	file = {Texto Completo:C\:\\Users\\Miguel\\Zotero\\storage\\MRSLE7EH\\He - 2014 - Production of English Syllable Final l by Mandar.pdf:application/pdf}
}

@incollection{iverson_perceptual_2001,
	address = {London},
	title = {A perceptual interference account of acquisition difficulties for non-native phonemes},
	volume = {13},
	booktitle = {Speech, hearing and language: {Work} in progress},
	publisher = {University College London Department of Phonetics and Linguistics},
	author = {Iverson, Paul and Kuhl, Patricia and Akahane-Yamada, Reiko and Diesch, Eugen and Tohkura, Yohich and Kettermann, Andreas and Siebert, Claudia},
	year = {2001},
	pages = {106--118}
}

@inproceedings{kojima_learners_2014,
	address = {Somerville, MA},
	title = {Learners’ {Proficiency} and {Lexical} {Encoding} of the {Geminate} / {Non}-geminate {Contrast} in {Japanese}},
	booktitle = {Selected {Proceedings} of the 2012 {Second} {Language} {Research} {Forum}},
	publisher = {Cascadilla Proceedings Project},
	author = {Kojima, Chisato and Darcy, Isabelle},
	editor = {Miller, Ryan T.},
	year = {2014},
	pages = {30--38}
}

@article{llama_influence_2010,
	title = {The influence of language distance and language status on the acquisition of {L3} phonology},
	volume = {7},
	number = {1},
	journal = {International Journal of Multilingualism},
	author = {Llama, Raquel and Cardoso, Walcir and Collins, Laura},
	year = {2010},
	pages = {39--57}
}

@book{lin_sounds_2007,
	address = {Cambridge},
	title = {The {Sounds} of {Chinese}},
	publisher = {Cambridge University Press},
	author = {Lin, Yen-Hwei},
	year = {2007}
}

@incollection{major_transfer_2008,
	address = {Amsterdam},
	title = {Transfer in second language phonology: {A} review},
	booktitle = {Phonology and {Second} {Language} {Acquisition}},
	publisher = {John Benjamins Publishing Company},
	author = {Major, Roy},
	year = {2008},
	pages = {63--94}
}

@mastersthesis{marques_variacao_2010,
	address = {Aveiro},
	title = {A {Variação} {Fonética} da {Lateral} {Alveolar} no {Português} {Europeu}},
	school = {Universidade de Aveiro},
	author = {Marques, Isabelle},
	year = {2010}
}

@mastersthesis{martins_o_2008,
	address = {Aveiro},
	title = {O português dos chineses em {Portugal} – {O} caso dos imigrantes da área do comércio e restauração em Águeda},
	school = {Universidade de Aveiro},
	author = {Martins, Marlene Moreira},
	year = {2008}
}

@book{mateus_phonology_2000,
	address = {Oxford},
	title = {The {Phonology} of {Portuguese}},
	publisher = {Oxford University Press},
	author = {Mateus, Maria Helena and D'Andrade, Ernesto},
	year = {2000}
}

@book{mateus_fonetica_2016,
	address = {Lisboa},
	title = {Fonética e {Fonologia} do {Português}},
	publisher = {Universidade Aberta},
	author = {Mateus, Maria Helena and Falé, Isabel and Freitas, Maria João},
	year = {2016}
}

@phdthesis{miguel_integracao_2018,
	address = {Lisboa},
	type = {Unpublished doctoral dissertation},
	title = {Integração morfológica e fonológica de empréstimos lexicais bantos no {Português} {Oral} de {Luanda}},
	school = {Universidade de Lisboa},
	author = {Miguel, Afonso João},
	year = {2018}
}

@mastersthesis{monteiro_variacao_2012,
	address = {Aveiro},
	title = {Variação {Dialetal} das {Laterais} do {Português} {Europeu}},
	school = {Universidade de Aveiro},
	author = {Monteiro, Diana},
	year = {2012}
}

@article{nunes_overall_2015,
	title = {An {Overall} {Analysis} on {Chinese} {Students} {Learning} {European} {Portuguese} as a {Second} {Language}},
	volume = {3},
	number = {2},
	journal = {GSTF International Journal of Law and Social Sciences},
	author = {Nunes, Ana},
	year = {2015},
	pages = {33--39}
}

@phdthesis{oliveira_percecao_2016,
	address = {Braga},
	type = {Unpublished {MA} thesis{\textbackslash}},
	title = {Perceção e {Produção} de {Sons} {Consonânticos} do {Português} {Europeu} por {Aprendentes} {Chineses}},
	school = {Universidade do Minho},
	author = {Oliveira, Diana},
	year = {2016}
}

@article{oliveira_effects_2016,
	title = {Effects of language experience on the discrimination of the {Portuguese} palatal lateral by nonnative listeners},
	volume = {30},
	number = {8},
	journal = {Clinical Linguistics and Phonetics},
	author = {Oliveira, Daniela Santos and Casenhiser, Devin and Hedrick, Mark and Teixeira, António and Bunta, Ferenc},
	year = {2016},
	pages = {569--583}
}

@article{park_perceptual_2017,
	title = {Perceptual category mapping between {English} and {Korean} obstruents in non-{CV} positions: {Prosodic} location effects in second language identification skills},
	volume = {62},
	issn = {00954470},
	shorttitle = {Perceptual category mapping between {English} and {Korean} obstruents in non-{CV} positions},
	url = {https://linkinghub.elsevier.com/retrieve/pii/S009544701730013X},
	doi = {10.1016/j.wocn.2017.01.005},
	language = {en},
	journal = {Journal of Phonetics},
	author = {Park, Hanyong and de Jong, Kenneth J.},
	month = may,
	year = {2017},
	pages = {12--33}
}

@mastersthesis{pereira_o_2020,
	address = {Lisboa},
	title = {O {R}-forte em {Português} {Europeu}: análise fonológica de dados dialetais},
	school = {Universidade de Lisboa},
	author = {Pereira, Rodrigo},
	year = {2020}
}

@book{r_core_team_r_2019,
	address = {Vienna},
	title = {R: {A} language and environment for statistical computing},
	publisher = {R Foundation for Statistical Computing},
	author = {R Core Team},
	year = {2019}
}

@article{recasens_articulatory_2005,
	title = {Articulatory, positional and coar- ticulatory characteristics for clear /l/ and dark /l/: evidence from two {Catalan} dialects},
	volume = {35},
	number = {1},
	journal = {Journal of the International Phonetic Association},
	author = {Recasens, Daniel and Espinosa, Aina},
	year = {2005},
	pages = {1--25}
}

@incollection{recasens_perceptual_2010,
	address = {München},
	title = {A perceptual analysis of the articu- latory and acoustic factors triggering dark /l/ vocalization},
	booktitle = {Experimental {Phonetics} and {Sound} {Change}},
	publisher = {Lincom Europa},
	author = {Recasens, Daniel and Espinosa, Aina},
	editor = {Recasens, Daniel and Sánchez Miret, Fernando and Wireback, Kenneth},
	year = {2010},
	pages = {71--82}
}

@article{recasens_articulatory_2013,
	title = {On the articulatory classification of (alveolo)palatal consonants},
	volume = {43},
	issn = {0025-1003, 1475-3502},
	url = {https://www.cambridge.org/core/product/identifier/S0025100312000199/type/journal_article},
	doi = {10.1017/S0025100312000199},
	language = {en},
	number = {1},
	urldate = {2020-08-26},
	journal = {Journal of the International Phonetic Association},
	author = {Recasens, Daniel},
	month = apr,
	year = {2013},
	pages = {1--22}
}

@inproceedings{rennicke_as_2013,
	address = {Coimbra},
	title = {As realizações fonéticas de /ʀ/ em portugûes europeu: análise de um corpus dialetal e implicações no sistema fonológico},
	booktitle = {Textos {Selecionados} do {XXVIII} {Encontro} {Nacional} da {Associação} {Portuguesa} de {Linguística}},
	publisher = {Associação Portuguesa de Linguística},
	author = {Rennicke, Iris and Martins, Pedro},
	editor = {Silva, Fátima and Pereira, Isabel and Falé, Isabel},
	year = {2013},
	pages = {509--523}
}

@phdthesis{rodrigues_caracterizacao_2015,
	address = {Lisboa},
	type = {Unpublished {PhD} {Dissertation}},
	title = {Caracterização acústica das consoantes líquidas do {Português} {Europeu}},
	school = {Universidade de Lisboa},
	author = {Rodrigues, Susana},
	year = {2015}
}

@incollection{rose_phonbank_2014,
	address = {Oxford},
	title = {The {PhonBank} {Project}: {Data} and {Software}-{Assisted} {Methods} for the {Study} of {Phonology} and {Phonological} {Development}},
	booktitle = {The {Oxford} {Handbook} of {Corpus} {Phonology}},
	publisher = {Oxford University Press},
	author = {Rose, Yvan and Macwhinney, Brain},
	editor = {Durand, Jaques and Gut, Ulrike and Kristoffersen, Gjert},
	year = {2014},
	pages = {308--401}
}

@incollection{selkirk_syllable_1982,
	address = {Dordrecht},
	title = {The syllable},
	volume = {2},
	booktitle = {The structure of phonological representations},
	publisher = {Foris},
	author = {Selkirk, Elisabeth},
	editor = {van der Hulst, Harry and Smith, Norval},
	year = {1982},
	pages = {337--384}
}

@mastersthesis{silva_alise_2014,
	address = {Aveiro},
	title = {Análise {Acústica} da {Vibrante} {Simples} do {Português} {Europeu}},
	school = {Universidade de Aveiro},
	author = {Silva, Ana},
	year = {2014}
}

@article{sproat_allophonic_1993,
	title = {Allophonic variation in {English} /l/ and its implications for phonetic implementation},
	volume = {21},
	number = {3},
	journal = {Journal of Phonetics},
	author = {Sproat, Richard and Fujimura, Osamu},
	year = {1993},
	pages = {291--311}
}

@phdthesis{steele_representation_2002,
	address = {Montreal, Canada},
	type = {Unpublished {PhD} {Dissertation}},
	title = {Representation and phonological licensing in the {L2} acquisition of prosodic complexity},
	school = {McGill University},
	author = {Steele, Jeffrey},
	year = {2002}
}

@article{strange_automatic_2011,
	title = {Automatic selective perception ({ASP}) of first and second language speech: {A} working model},
	volume = {39},
	issn = {00954470},
	shorttitle = {Automatic selective perception ({ASP}) of first and second language speech},
	url = {https://linkinghub.elsevier.com/retrieve/pii/S0095447010000689},
	doi = {10.1016/j.wocn.2010.09.001},
	language = {en},
	number = {4},
	urldate = {2020-08-26},
	journal = {Journal of Phonetics},
	author = {Strange, Winifred},
	month = oct,
	year = {2011},
	pages = {456--466}
}

@incollection{swiecinski_ema_2013,
	address = {Heidelberg},
	title = {An {EMA} study of articulatory settings in {Polish} speakers of {English}},
	booktitle = {Teaching and {Researching} {EnglishAccents} in {Native} and {Non}-native {Speakers}},
	publisher = {Springer Publications},
	author = {Święciński, Radek},
	editor = {Waniek-Klimczak, Ewa and Shockey, Linda R.},
	year = {2013},
	pages = {73--82}
}

@inproceedings{tremblay_l2_2007,
	address = {Freiburg, Germany},
	title = {L2 influence on {L3} pronunciation: {Native}-like {VOT} in the {L3} {Japanese} of {English}-{French} bilinguals},
	booktitle = {Paper presented at the {L3} {Phonology} {Satellite} {Workshop} of {ICPhS} {XVI}},
	author = {Tremblay, Marie Claude},
	year = {2007}
}

@phdthesis{waltmunson_relative_2005,
	address = {Seattle},
	type = {Unpublished doctoral dissertation},
	title = {The relative degree of difficulty of {Spanish} /t, d/, trill and tap by {L1} {English} speakers: {Auditory} and acoustic methods of defining pronunciation accuracy},
	school = {University of Washington},
	author = {Waltmunson, Jeremy},
	year = {2005}
}

@article{wilson_bilinguals_2014,
	title = {Bilinguals use language-specific articulatory settings},
	volume = {57},
	journal = {Journal of Speech, Language, and Hearing Research},
	author = {Wilson, Ian and Gick, Bryan},
	year = {2014},
	pages = {361--373}
}

@phdthesis{wong_investigating_2017,
	address = {Urbana-Champaign, USA},
	type = {Unpublished {PhD} {Dissertation}},
	title = {Investigating sources of phonological rarity and instability: a study of the palatal lateral approximant in {Brazilian} {Portuguese}},
	school = {University of Illinois},
	author = {Wong, Nicole},
	year = {2017}
}

@inproceedings{xing_onset_2019,
	address = {Paris},
	title = {Onset /{R}/-ticulation in {Mandarin}},
	booktitle = {Paper presented at ‘{R}-atics6},
	author = {Xing, Kaiyue},
	year = {2019}
}

@mastersthesis{zhou_contributo_2017,
	address = {Lisboa},
	title = {Contributo para o estudo da aquisição das consoantes líquidas do português europeu por aprendentes chineses},
	school = {Universidade de Lisboa},
	author = {Zhou, Chao},
	year = {2017}
}

@article{zhu_jinyin-fulun_2007,
	title = {Jinyin-fulun {Putonghua} rimu [{About} approximant]},
	volume = {1},
	journal = {Fangyan},
	author = {Zhu, Xiaonong},
	year = {2007},
	pages = {2--9}
}

@article{zimmer_uma_nodate,
	title = {Uma visão dinâmica da produção da fala em {L2}: o caso da {Dessonorização} {Terminal}},
	volume = {11},
	number = {1},
	journal = {Revista da Abralin},
	author = {Zimmer, Márcia and Alves, Ubiritã},
	pages = {221--272}
}
