
@article{Ackerman1988,
	title = {Determinants of Individual Differences during Skill Acquisition: {Cognitive} Abilities and Information Processing.},
	volume = {117},
	number = {3},
	journal = {Journal of Experimental Psychology: General},
	author = {Ackerman, Philip L.},
	year = {1988},
	pages = {288--318}
}

@book{Anderson1995,
	address = {New York},
	title = {Cognitive psychology and its implications.},
	publisher = {W. H. Freeman},
	author = {Anderson, John R.},
	year = {1995}
}

@book{AndresBehr2015,
	address = {Berlin},
	series = {Transkulturalität -- Translation -- Transfer},
 	number= {16},
	title = {To Know How to Suggest: {Approaches} to Teaching Conference Interpreting},
	publisher = {Frank \& Timme},
	editor = {Andres, Dörte and Behr, Martina},
	year = {2015}
}

@incollection{Andres2015BodenFuchs,
	address = {Berlin},
	title = {The Sense and Senselessness of Preparatory Exercises for Simultaneous Interpreting},
	booktitle = {To Know How to Suggest… {Approaches} to Teaching Conference Interpreting},
	publisher = {Frank and Timme},
	author = {Andres, Dörte and Boden, Sophia and Fuchs, Claudia},
	year = {2015},
	pages = {59--73}
}

@book{Baddeley1997,
	address = {Hove},
	title = {Human memory: {Theory} and practice.},
	publisher = {Psychology Press},
	author = {Baddeley, Alan},
	year = {1997}
}

@incollection{DimitrovaHyltenstam2000,
	address = {Amsterdam},
	title = {Working Memory and Language Processing},
	booktitle = {Language processing and Simultaneous Interpreting},
	publisher = {Benjamins},
	editor = {Englund Dimitrova, Birgitta and Hyltenstam, Kenneth},
	year = {2000},
	pages = {47--90}
}

@incollection{BaddeleyHitch1974,
	address = {New York},
	title = {Working Memory},
	volume = {VIII},
	booktitle = {The Psychology of Learning and Motivation -- {Advances} in Research and Theory},
	publisher = {Academic Press},
	author = {Baddeley, Alan and Hitch, Graham},
	year = {1974}
}

@incollection{BallesterJiminezHurtado1992,
	address = {Amsterdam},
	title = {Approaches to the Teaching of Interpreting: {Mnemonic} and Analytic Strategies},
	booktitle = {Teaching Translation and Interpreting Training Talent and Experience. Papers from the First {Language} {International} {Conference}, {Elsinore}, {Denmark}, 1991},
	publisher = {Benjamins},
	author = {Ballester, Ana and Jiminez Hurtado, Catalina},
	year = {1992},
	pages = {237--244}
}

@incollection{Chabasse2015,
	address = {Berlin},
	title = {Capacity Management in Interpretation: {Efforts}, Directionality, and Language Pair Considerations},
	booktitle = {To Know How to Suggest… Approaches to Teaching Conference Interpreting},
	publisher = {Frank \& Timme},
	author = {Chabasse, Catherine and Dingerfelder Stone, Maren},
	year = {2015}
}

@article{Cowan2000,
	title = {Processing Limits of Selective Attention and Working Memory: {Potential} Implications for Interpreting},
	volume = {5},
	doi = {https://doi.org/10.1075/intp.5.2.05cow},
	number = {2},
	journal = {Interpreting},
	author = {Cowan, Nelson},
	year = {2000},
	pages = {117--146}
}

@book{Dollerup1992,
	address = {Amsterdam},
	title = Teaching translation and interpreting: {training}, talent, and experience,
	publisher = {Benjamins},
	editor = {Dollerup, Cay and Loddegaard, Anne},
	year = {1992}
}

@incollection{Ericsson1996,
	address = {Hillsdale, NJ, US},
	title = {The Acquisition of Expert Performance: {An} Introduction to Some of the Issues},
	booktitle = {The Road to Excellence: {The} Acquisition of Expert Performance in the Arts and Sciences, Sports, and Games},
	publisher = {Lawrence Erlbaum Associates, Inc.},
	author = {Ericsson, Karl Anders},
	year = {1996},
	pages = {1--50}
}

@article{Ericsson2000,
	title = {Expertise in Interpreting: {An} Expert-Performance Perspective},
	volume = {5},
	doi = {https://doi.org/10.1075/intp.5.2.08eri},
	number = {2},
	journal = {Interpreting},
	author = {Ericsson, Karl},
	year = {2000},
	pages = {187--200}
}

@incollection{Ericsson2001,
	address = {Brisbane, Australia},
	title = {The Path to Expert Golf Performance: {Insights} from the Masters on How to Improve Performance by Deliberate Practice},
	author={Ericsson, K Anders},
	booktitle = {Optimising Performance in Golf},
	publisher = {Australian Academic Press},
	editor = {Thomas, Patrick R.},
	year = {2001},
	pages = {1--57}
}

@incollection{Desforges2002,
	address = {Malden},
	series = {Essential Readings in Development Psychology},
	title = {Attaining Excellence through Deliberate Practice: {Insights} from the Study of Expert Performance},
	booktitle = {Teaching and Learning: {The} Essential Readings},
	publisher = {Blackwell Publishing},
	editor = {Desforges, Charles and Fox, Richard},
	year = {2002},
	pages = {4--37}
}

@article{Ericsson1993,
	title = {The Role of Deliberate Practice in the Acquisition of Expert Performance},
	volume = {100},
	doi = {https://doi.org/10.1037/0033-295X.100.3.363},
	number = {3},
	journal = {Psychological Review},
	author = {Ericsson, Karl Anders and Krampe, Ralf T. and Tesch-Römer, Clemens},
	year = {1993},
	pages = {363--406}
}

@phdthesis{Fan2012,
	address = {Newcastle},
	type = {Doctoral dissertation},
	title = {The Development of Expertise in Interpreting through Self-Regulated Learning from Trainee Interpreters},
	school = {Newcastle University},
	author = {Fan, Dinghong},
	year = {2012}
}

@article{Gerver1975,
	title = {A Psychological Approach to Simultaneous Interpretation},
	volume = {20},
	doi = {https://doi.org/10.7202/002885ar},
	number = {2},
	journal = {Meta: Journal Des Traducteurs / Meta: Translators Journal},
	author = {Gerver, David},
	year = {1975},
	pages = {119--128}
}

@incollection{Brislin1976,
	address = {New York},
	title = {Empirical Studies of Simultaneous Interpretation: {A} Review and a Model},
	booktitle = {Translation},
	publisher = {Gardner Press},
	editor = {Brislin, Richard W.},
	year = {1976},
	pages = {165--207}
}

@article{Gerver1984,
	title = {Selecting Trainee Conference Interpreters: {A} Preliminary Study},
	volume = {57},
	number = {1},
	journal = {Journal of Occupational Psychology},
	author = {Gerver, David and Longley, Patricia and Long, John and Lambert, Sylvie},
	year = {1984},
	pages = {17--31}
}

@book{Gillies2013,
	address = {London},
	title = {Conference interpreting: {A} student s practice book},
	publisher = {Routledge},
	author = {Gillies, Andrew},
	year = {2013}
}

@incollection{Goldman-Eisler1972,
	address = {London},
	title = {Segmentation of Input in Simultaneous Interpretation},
	booktitle = {The Interpreting Studies Reader},
	publisher = {Routledge},
	author = {Goldman-Eisler, Frieda},
	editor = {Pöchhacker, Franz and Shlesinger, Miriam},
	year = {2002},
	pages = {68--76}
	note = {First published in: \emph{Journal of psycholinguistic Research} 1.2 (1972): 127-140.}
}

@article{Helsen1998,
	title = {Team Sports and the Theory of Deliberate Practice},
	volume = {20},
	doi = {https://doi.org/10.1123/jsep.20.1.12},
	number = {1},
	journal = {Journal of Sport and Exercise Psychology},
	author = {Helsen, Werner F. and Starkes, Janet L. and Hodges, Nicola J.},
	year = {1998},
	pages = {12--34}
}

@incollection{Sylvia1992,
	address = {Amsterdam},
	title = {Discourse Processing and Interpreting Strategies: {A}n Approach to the Teaching of Interpreting},
	url = {https://benjamins.com/catalog/z.56.38kal},
	booktitle = {Teaching Translation and Interpreting: {Training}, Talent and Experience},
	publisher = {Benjamins},
	author = {Sylvia, Kalina},
	year = {1992}
}

@article{Sylvia2000,
        author={Kalina, Sylvia},
	edition = {10},
	title = {Interpreting Competences as a Basis and a Goal for Teaching},
	url = {https://www.openstarts.units.it/handle/10077/2440},
	journal = {The Interpreters' Newsletter},
	year = {2000},
	pages = {3--32}
}

@incollection{Kurz1992,
	address = {Amsterdam},
	title = {``Shadowing'' Exercises in Interpreter Training},
	booktitle = {Teaching Translation and Interpreting: {Training}, Talent and Experience},
	publisher = {Benjamins},
	author = {Kurz, Ingrid},
	year = {1992},
	pages = {245--250}
}

@inproceedings{Lamber1988,
	address = {Medford, New Jersey},
	title = {A Human Information Processing and Cognitive Approach to the Training of Simultaneous Interpreters},
	booktitle = {Languages at Crossroads, Proceedings of the 29th Annual Conference of the American Translators Association},
	publisher = {Learned Information, Inc.},
	author = {Lamber, Sylvie},
	year = {1988}
}

@article{Moser-Mercer2000,
	title = {Simultaneous interpreting, Cognitive potential and limitations},
	volume = {5},
	number = {2},
	journal = {Interpreting},
	author = {Moser-Mercer, Barbara},
	year = {2000},
	pages = {83--94}
}

@phdthesis{Padilla_Benitez1995,
	address = {Granada},
	type = {Doctoral dissertation},
	title = {Procesos de memoria y atención en la interpretación de lenguas},
	school = {University of Granada},
	author = {Padilla Benítez, Presentación},
	year = {1995}
}

@article{KoninaEtAl2002,
        author={Konina, A and Chernigovskaya, T and Alexeeva, S and Shramko, L},
	title = {Divided Attention in Simultaneous Interpreting: {A} Proposal for a Cognitive Training Method},
	volume = {1},
	journal = {Translation Studies: An International Forum of Translatology},
	year = {2002},
	pages = {139--168}
}

@article{Padilla2005,
        author={Padilla, Presentaci{\'o}n},
	title = {Cognitive Implications of the English-Spanish Direction for the Quality and the Training of Simultaneous Interpreting},
	volume = {38},
	number = {1-2},
	journal = {Communication and Cognition. Monographies},
	year = {2005},
	pages = {17--62}
}

@inproceedings{PippaRusso2002,
	address = {Amsterdam},
	title = {Aptitude for Conference Interpreting - A Proposal for a Testing Methodology Based on Paraphrase},
	booktitle = {Interpreting in the 21st Century - Challenges and Opportunities. {Selected} Papers from the 1st Forlì {Conference on Interpreting Studies}, 9-11 {November} 2000},
	publisher = {Benjamins},
	author = {Pippa, Salvador and Russo, Mariachiara},
	year = {2002},
	pages = {257--266}
}

@article{Russo2014,
	title = {Testing Aptitude for Interpreting, The Predictive Value of Oral Paraphrasing, with Synonyms and Coherence as Assessment Parameters},
	volume = {16},
	number = {1},
	journal = {Interpreting},
	author = {Russo, Mariachiara},
	year = {2014},
	pages = {1--18}
}

@article{PippaRusso2004,
	title = {Aptitude to Interpreting: {Preliminary} Results of a Testing Methodology Based on Paraphrase},
	volume = {49},
	number = {2},
	journal = {Meta: Journal Des Traducteurs / Meta: Translators Journal},
	author = {Russo, Mariachiara and Pippa, Salvador},
	year = {2004},
	pages = {409--432}
}

@article{SalminenStrobachSchubert2012,
	title = {Impacts of Working Memory Training on Executive Functioning},
	volume = {6},
	doi = {https://doi.org/10.3389/fnhum.2012.00166},
	journal = {Frontiers in Human Neuroscience},
	author = {Salminen, Tiina and Strobach, Tilo and Schubert, Torsten},
	year = {2012},
	pages = {1--14}
}

@article{Schewda_Nicholson1990,
	title = {The Role of Shadowing in Interpreter Training},
	volume = {3},
	doi = {https://www.openstarts.units.it/handle/10077/2152},
	journal = {The Interpreters' Newsletter},
	author = {Schewda Nicholson, Nancy},
	year = {1990},
	pages = {33--37}
}

@article{Seeber2011,
	title = {Cognitive Load in Simultaneous Interpreting},
	volume = {13},
	doi = {https://doi.org/10.1075/intp.13.2.02see},
	number = {2},
	journal = {Interpreting},
	author = {Seeber, Kilian},
	year = {2011},
	pages = {176--204}
}

@book{Setton2016,
	address = {Amsterdam},
	series = {Benjamins Translation library},
	title = {Conference Interpreting. {A} complete course},
	publisher = {Benjamins},
	author = {Setton, Robin and Dawrant, Andrew},
	year = {2016}
}

@book{SettonDawrant2016,
        author={Setton, Robin and Dawrant, Andrew},
	address = {Amsterdam},
	series = {Benjamins translation library},
	title = {Conference {Interpreting}. {A} trainer s guide},
	publisher = {Benjamins},
	year = {2016},
        volume = {121}
}

@article{TimarovaEtAl2014,
	title = {Simultaneous Interpreting and Working Memory Executive Control},
	volume = {16},
	doi = {https://doi.org/10.1075/intp.16.2.01tim},
	number = {2},
	journal = {Interpreting},
	author = {Timarová, Šárka and Čeňková, Ivana and Meylaerts, Reine and Hertog, Erik and Szmalec, Arnaud and Duyck, Wouter},
	year = {2014},
	pages = {139--168}
}

@incollection{FerreiraSchwieter2015,
	address = {Amsterdam},
	title = {Simultaneous Interpreting and Working Memory Capacity},
	booktitle = {Psycholinguistic and Cognitive Inquiries into Translation and Interpreting},
	publisher = {Benjamins},
	author = {Ferreira, Aline and Schwieter, John W.},
	year = {2015},
	pages = {101--126}
}

@incollection{TonelliRiccardi1995,
	address = {Turku},
	title = {Detection of Speech Errors during Shadowing},
	booktitle = {Topics in Interpreting Research},
	publisher = {University of Turku Centre for translation and interpreting},
	author = {Tonelli, Livia and Riccardi, Alessandra},
	year = {1995},
	pages = {135--144}
}

@incollection{vanDam1989,
	address = {Udine},
	title = {Strategies of Simultaneous Interpretation},
	booktitle = {The Theoretical and Practical Aspects of Teaching Conference Interpretation},
	publisher = {Campanotto},
	author = {van Dam, Ine M.},
	year = {1989}
}

@inproceedings{Wang2016,
	address = {Beijing},
	title = {Describing the Development of Interpreting Competence - Based on a Longitudinal Observation on Chinese Students of Conference Interpreting},
	booktitle = {Interpreting Studies: {The} Way Forward},
	publisher = {Foreign Language Teaching and Research Press},
	author = {Wang, Binhua},
	year = {2016},
	pages = {150--165}
}

@article{WilmsPetersenVangkilde2013,
	title = {Intensive Video Gaming Improves Encoding Speed to Visual Short-Term Memory in Young Male Adults},
	volume = {142},
	doi = {https://doi.org/10.1016/j.actpsy.2012.11.003},
	number = {1},
	journal = {Acta Psychologica},
	author = {Wilms, Inge L. and Petersen, Anders and Vangkilde, Signe},
	year = {2013},
	pages = {108--18}
}

@inproceedings{YenkimalekivanHeuven2013,
	address = {Valencia},
	title = {Effect of Memory Training on the Quality of Interpreting},
	booktitle = {{ICERI2013} {Proceedings}},
	publisher = {IATED},
	author = {Yenkimaleki, Mahmood and van Heuven, Vincent},
	year = 2013,
	pages = {4107--4114}
}

@article{YenkimalekivanHeuven2017,
	title = {The Effect of Memory Training on Consecutive Interpreting Performance by Interpreter Trainees},
	volume = {15},
	number = {1},
	journal = {{FORUM} - Revue Internationale d interprétation et de Traduction},
	author = {Yenkimaleki, Mahmood and van Heuven, Vincent},
	year = {2017},
	pages = {157--172}
}
