
@incollection{allgauer-hackl_mehrsprachigkeitsunterricht_2013,
	address = {Hohengehren},
	title = {Mehrsprachigkeitsunterricht aus mehrsprachiger {Sicht}: {Zur} {Förderung} des metalinguistischen {Bewusstseins}},
	booktitle = {Professionalisierung für sprachliche {Vielfalt}. {Perspektiven} für eine neue {LehrerInnenbildung}},
	publisher = {Schneider Verlag},
	author = {Allgäuer-Hackl, Elisabeth and Jessner, Ulrike},
	editor = {Vetter, Eva},
	year = {2013}
}

@book{bialystok_bilingualism_2004,
	address = {Cambridge},
	title = {Bilingualism in development: {Language}, literacy, and cognition},
	publisher = {Cambridge University Press},
	author = {Bialystok, Ellen},
	year = {2004}
}

@book{bohnsack_dokumentarische_2013,
	address = {Dordrecht},
	title = {{Die dokumentarische Methode und ihre Forschungspraxis: {Grundlagen} qualitativer Sozialforschung}},
	publisher = {Springer},
	author = {Bohnsack, Ralf and Nentwig-Gesemann, Iris and Nohl, Arnd-Michael},
	year = {2013}
}

@incollection{bono_crosslinguistic_2011,
	address = {Bristol, Buffalo, Toronto},
	title = {Crosslinguistic interaction and metalinguistic awareness in third language acquisition},
	booktitle = {New trends in crosslinguistic influence and multilingualism research},
	publisher = {Multilingual Matters},
	author = {Bono, Mariana},
	editor = {De Angelis, Gessica and Dewaele, Jean-Marc},
	year = {2011},
	pages = {27--57}
}

@inproceedings{burwitz-melzer_sprachbewusstheit_2012,
	address = {Tübingen},
	title = {Sprachbewusstheit als teilkompetenz des fremdsprachenunterrichts},
	booktitle = {Sprachenbewusstheit im {Fremdsprachenunterricht}: {Arbeitspapiere} der 32. {Frühjahrskonferenz} zur {Erforschung} des {Fremdsprachenunterrichts}},
	publisher = {Narr},
	author = {Burwitz-Melzer, Eva},
	editor = {Königs, Frank and Krumm, Hans-Jürgen},
	year = {2012},
	pages = {27--57}
}

@article{cenoz_influence_2013,
	title = {The influence of bilingualism on third language acquisition: focus on multilingualism},
	volume = {46},
	number = {1},
	journal = {Language Teaching},
	author = {Cenoz, Jasone},
	year = {2013},
	pages = {71--86}
}

@article{cenoz_additive_1994,
	title = {Additive trilingualism: {Evidence} from the {Basque} {Country}},
	volume = {15},
	journal = {Applied Psycholinguistics},
	author = {Cenoz, Jasone and Valencia, José F.},
	year = {1994},
	pages = {195--207}
}

@book{de_angelis_new_2011,
	address = {Bristol},
	title = {New trends in crosslinguistic influence and multilingualism research},
	publisher = {Multilingual Matters},
	author = {De Angelis, Gessica and Dewaele, Jean-Marc},
	year = {2011}
}

@incollection{de_angelis_writing_2012,
	address = {Boston},
	title = {Writing accorss languages in a bilingual context. {A} dynamic system theory approach},
	booktitle = {L2 writing development. {Multiple} perspectives},
	publisher = {De Gruyter Mouton},
	author = {De Angelis, Gessica and Jessner, Ulrike},
	editor = {Manchón, Rose},
	year = {2012},
	pages = {47--68}
}

@book{dewaele_emotions_2010,
	address = {Houndsmills, Basingstoke, Hampshire},
	title = {Emotions in multiple languages},
	publisher = {Palgrave Macmillan},
	author = {Dewaele, Jean-Marc},
	year = {2010}
}

@incollection{freitag-hild_transklulturelles_2010,
	address = {Seelze-Velber},
	title = {Transklulturelles lernen},
	booktitle = {Handbuch fremdsprachendidaktik},
	publisher = {Kallmeyer-Klett},
	author = {Freitag-Hild, Britta},
	editor = {Hallet, Wolfgang and Königs, Frank G.},
	year = {2010},
	pages = {125--129}
}

@incollection{gibson_perception_2011,
	address = {Bristol, Buffalo, Toronto},
	title = {Perception of preposition errors in semantically correct versus erroneous contexts by multilingual advanced {English} as a foreign language learners: {Measuring} metalinguistic awareness},
	booktitle = {New trends in crosllinguistic influence and multilingualism research},
	publisher = {Multilingual Matters},
	author = {Gibson, Martha and Britta, Hufeisen},
	editor = {De Angelis, Gessica and Dewaele, Jean-Marc},
	year = {2011},
	pages = {74--85}
}

@incollection{grosjean_bilingual_2007,
	address = {London},
	title = {The bilingual language mode},
	booktitle = {The bilingual reader},
	publisher = {Routledge},
	author = {Grosjean, Francis},
	editor = {Le Wei},
	year = {2007},
	pages = {428--449}
}

@incollection{hallet_komplexe_2012,
	address = {Seelze},
	title = {Die komplexe kompetenzaufgabe. {Fremdsprachige} diskursfähigkeit als kulturelle teilhabe und unterrichtspraxis},
	booktitle = {Kompetenzaufgaben im {Englischunterricht}},
	publisher = {Friedrich},
	author = {Hallet, Wolfgang},
	editor = {Krämer, Ulrich},
	year = {2012},
	pages = {5--12}
}

@incollection{hallet_transkulturelles_2015,
	address = {Frankfurt am Main},
	title = {Transkulturelles lernen im {CLIL}-{Unterricht}.},
	booktitle = {{CLIL} revisited},
	publisher = {Lang},
	author = {Hallet, Wolfgang},
	editor = {B. Rüschoff, Bernd and Sudoff, Juliane and Wolff, Dieter},
	year = {2015},
	pages = {31--54}
}

@book{herdina_dynamic_2002,
	address = {Clevedon},
	title = {A dynamic model of multilingualism: {Perspectives} of change in psycholinguistics},
	publisher = {Multilingual Matters},
	author = {Herdina, Philip and Jessner, Ulrike},
	year = {2002}
}

@incollection{house_mehrsprachigkeit_2004,
	address = {Tübingen},
	title = {Mehrsprachigkeit: {Nicht} nur monodisziplinär und nicht nur für {Europa}!},
	booktitle = {Mehrsprachigkeit im fokus},
	publisher = {Gunter Narr},
	author = {House, Juliane},
	editor = {Bausch, Karl-Richard and Königs, Frank G. and Krumm, Hans-Jürgen},
	year = {2004},
	pages = {62--68}
}

@article{hufeisen_drei_2011,
	title = {Drei ausgewählte merkmale des gesamtsprachencurriculums: interkulturelle studie, {Deutsche} als zweitprache, textkompetenz},
	volume = {2},
	journal = {Die Neueren Sprachen},
	author = {Hufeisen, Britta},
	year = {2011},
	pages = {45--55}
}

@book{hufeisen_plurilingualism_2004,
	address = {Strasbourg},
	title = {The plurilingualism project: {Tertiary} langauge learning—{German} after {English}},
	publisher = {Council of Europe Publishing},
	author = {Hufeisen, Britta and Neuner, Gerhard},
	year = {2004}
}

@book{jessner_linguistic_2006,
	address = {Edinburgh},
	title = {Linguistic awareness in multilinguals: {English} as a third language},
	publisher = {Edinburgh University Press},
	author = {Jessner, Ulrike},
	year = {2006}
}

@book{kramsch_multilingual_2009,
	address = {Oxford},
	title = {The multilingual subject},
	publisher = {Oxford University Press},
	author = {Kramsch, Claire},
	year = {2009}
}

@phdthesis{lasagabaster_creatividad_1997,
	type = {Doctoral dissertation},
	title = {Creatividad y conciencia metalenguistica: {Incidentia} en el aprendizaje del ingles como {L3}},
	school = {VUP/EHU},
	author = {Lasagabaster, David},
	year = {1997}
}

@book{mayr_kompetenzentwicklung_2020,
	address = {Tübingen},
	title = {Kompetenzentwicklung und mehrsprachigkeit. {Eine} unterrichtsempirische studie zur modellierung mehrsprachiger kommunikativer kompetenz in der sekundarstufe/{II}},
	publisher = {Gunter Narr},
	author = {Mayr, Gisela},
	year = {2020}
}

@article{martinez_modernen_2003,
	title = {Die modernen},
	volume = {7},
	number = {1},
	journal = {Sprachen},
	author = {Martinez, Hélène and Schröder-Sura, Anna},
	year = {2003},
	pages = {43--68}
}

@incollection{meisner_aufgabenbeispiele_2005,
	address = {Tübingen},
	title = {Aufgabenbeispiele im bereich der interkomprehensionsdidaktik},
	booktitle = {Aufgabenorientierung im fremdsprachenunterricht},
	publisher = {Gunter Narr},
	author = {Meißner, Franz-Josef},
	editor = {Müller-Hartmann, Franz and Schocker von Ditfurth, Martina},
	year = {2005},
	pages = {83--98}
}

@incollection{meisner_forderung_2009,
	address = {Tübingen},
	title = {Förderung von metasprachlicher und metakognitiver kompetenz durch interkomprehension},
	booktitle = {Fremdsprachen lehren und lernen},
	publisher = {Gunter Narr},
	author = {Meißner, Franz-Josef and Morkötter, Steffi},
	editor = {Gutzmann, Karl and Königs, Frank G. and Zöfgen, Ekkehard E.},
	year = {2009},
	pages = {51--69}
}

@book{morkotter_language_2005,
	address = {Lang},
	title = {Language awareness und mehrsprachigkeit: {Eine} studie zu sprachbewusstheit und mehrsprachigkeit aus der sicht von fremdsprachenlernern und fremdsprachenlehrern},
	publisher = {Frankfurt am Main},
	author = {Morkötter, Steffi},
	year = {2005}
}

@book{muller-lance_wortschatz_2006,
	address = {Tübingen},
	title = {Der wortschatz romanischer sprachen im tertiärsprachenerwerb: lernerstrategien am beispiel des {Spanischen}, {Italienischen} und {Katalanischen}},
	publisher = {Stauffenberg Verlag},
	author = {Müller-Lancé, Johannes},
	year = {2006}
}

@book{pavlenko_emotions_2011,
	address = {Cambridge},
	title = {Emotions and multilingualism},
	publisher = {Cambridge University Press},
	author = {Pavlenko, Aneta},
	year = {2011}
}

@article{pilar_safont_metapragmatic_2003,
	title = {Metapragmatic awareness and pragmatic production of third language learners of {English}. {A} focus on request acts realizations *1},
	volume = {7},
	number = {1},
	journal = {International Journal of Bilingualism},
	author = {Pilar Safont, Jordà},
	year = {2003},
	pages = {43--68}
}

@book{reich_sprachbildung_2013,
	address = {Münster},
	title = {Sprachbildung und mehrsprachigkeit: {Ein} curriculum zur wahrnehmung und bewältigung sprachlicher vielfalt im unterricht},
	publisher = {Waxmann Verlag},
	author = {Reich, Hans H. and Krumm, Hans-Jürgen},
	year = {2013}
}

@book{ringbom_role_1987,
	address = {Clevedon},
	title = {The role of {L1} in foreign language learning},
	publisher = {Multilingual Matters},
	author = {Ringbom, Hakan},
	year = {1987}
}

@book{rod_task-based_2003,
	address = {Oxford},
	title = {Task-based language learning and teaching},
	publisher = {Oxford University Press},
	author = {Rod, Ellis},
	year = {2003}
}

@article{vidgren_new_2013,
	title = {New trends in crosslinguistic influence and multilingualism research},
	volume = {10},
	number = {1},
	journal = {International Journal of Bilingualism},
	author = {Vidgren, Noora},
	year = {2013},
	pages = {131--135}
}

@book{vygotsky_mind_1978,
	address = {Cambridge, MA},
	title = {Mind in society: {The} development of higher the development of higher psychological processes},
	author = {Vygotsky, Lev},
	year = {1978}
}
