
@incollection{aronin_understanding_2015,
	address = {Berlin},
	title = {Understanding current multilingualism: what can the butterfly tell us?},
	booktitle = {The multilingual challenge: {Cross}-disciplinary perspectives},
	publisher = {Walter de Gruyter},
	author = {Aronin, Larissa and Jessner, Ulrike},
	editor = {Jessner, Ulrike and Kramsch, Claire J.},
	year = {2015},
	pages = {271--294}
}

@article{blommaert_spaces_2005,
	title = {Spaces of multilingualism},
	volume = {25},
	journal = {Language \& Communication},
	author = {Blommaert, Jan and Collins, James and Slembrouck, Stef},
	year = {2005},
	pages = {197--216}
}

@book{capra_systems_2018,
	address = {Cambridge},
	title = {The systems view of life. {A} unifying vision},
	publisher = {Cambridge University Press},
	author = {Capra, Fritjof and Luisi, Pier L.},
	year = {2018}
}

@incollection{csizer_investigation_2009,
	address = {Clevedon},
	title = {An investigation into the relationship of {L2} motivation and cross-cultural contact among elementary school students},
	booktitle = {Early learning of modern foreign languages},
	publisher = {Multilingual Matters},
	author = {Csizér, Kata and Kormos, Judith},
	editor = {Nikolov, Marianne},
	year = {2009},
	pages = {62--74}
}

@incollection{cenoz_teching_2004,
	address = {Clevedon},
	title = {Teching {English} as a third language: {The} effect of attitudes and motivation},
	booktitle = {Trilingualism in family, school and community},
	publisher = {Multilingual Matters},
	author = {Cenoz, Jasone},
	editor = {Hoffmann, Charlotte and Ytsma, Johannes},
	year = {2004},
	pages = {202--218}
}

@book{cenoz_towards_2009,
	address = {Bristol},
	title = {Towards multilingual education. {Basque} educational research from an international perspective},
	publisher = {Multilingual Matters},
	author = {Cenoz, Jasone},
	year = {2009}
}

@article{cenoz_influence_2013,
	title = {The influence of bilingualism on third language acquisition: {Focus} on multilingualism},
	volume = {46},
	journal = {Language Teaching},
	author = {Cenoz, Jasone},
	year = {2013},
	pages = {71--86}
}

@article{courtney_individual_2017,
	title = {Individual differences in early language learning: a study of {English} learners of {French}},
	volume = {38},
	number = {6},
	journal = {Applied Linguistics},
	author = {Courtney, Louise and Graham, Suzanne and Tonkyn, Alan and Marinis, Theo},
	year = {2017},
	pages = {824--847}
}

@article{culhane_intercultural_2004,
	title = {An intercultural interaction model: {Acculturation} attitudes in second language acquisition},
	volume = {1},
	number = {1},
	journal = {Journal of Foreign Language Teaching},
	author = {Culhane, Stephen F.},
	year = {2004},
	pages = {50--61}
}

@article{de_angelis_effect_2012,
	title = {The effect of population distribution on {L1} and {L2} acquisition: evidence from the multilingual region of {South} {Tyrol}},
	volume = {9},
	number = {4},
	journal = {International Journal of Multilingualism},
	author = {De Angelis, Gessica},
	year = {2012},
	pages = {407--422}
}

@incollection{de_angelis_valutazione_nodate,
	address = {Milano},
	title = {La valutazione delle competenze linguistiche in italiano {L1}, tedesco {L2} e inglese {L3} nel contest plurilingue della {Provincia} di {Bolzano}},
	booktitle = {Società, educazione e linguaggio. {Un} approccio diacronico e situazionlae alla valutatzione di sistema in un contest plurilingue},
	publisher = {Franco Angeli},
	author = {De Angelis, Gessica},
	editor = {Dozza, Liliana}
}

@book{dornyei_motivational_2015,
	address = {Bristol},
	title = {Motivational dynamics in language learning},
	publisher = {Multilingual Matters},
	editor = {Dörnyei, Zoltan and MacIntyre, Peter and Henry, Alastair},
	year = {2015}
}

@book{egger_zweisprachigkeit_1977,
	address = {Bozen},
	title = {Zweisprachigkeit in {Südtirol}},
	publisher = {Athesia Verlag},
	author = {Egger, Kurt},
	year = {1977}
}

@book{gardner_social_1985,
	address = {Baltimore, MD},
	title = {Social psychology and second language learning: {The} role of attitude and motivation},
	publisher = {Edward Arnold},
	author = {Gardner, Robert C.},
	year = {1985}
}

@book{garret_language_2010,
	address = {Cambridge},
	title = {Language attitudes},
	publisher = {Cambridge University Press},
	author = {Garret, Peter},
	year = {2010}
}

@incollection{harris_third_2009,
	address = {Clevedon},
	title = {A third language at primary level in {Ireland}: {An} independent evaluation of the {Modern} {Languages} in {Primary} {Schools} initiative},
	booktitle = {Early learning of modern foreign languages},
	publisher = {Multilingual Matters},
	author = {Harris, John and O'Leary, Denise and Nikolov, Marianne},
	year = {2009},
	pages = {1--14}
}

@incollection{helot_awareness_2008,
	address = {New York},
	title = {Awareness raising and multilingualism in {Primary} {Education}},
	booktitle = {The encyclopedia of language and education},
	publisher = {Springer},
	author = {Hélot, Christine},
	editor = {Hornberger, Nancy H.},
	year = {2008},
	pages = {1--14}
}

@article{henry_young_2008,
	title = {Young learners and multilingualism: {A} study of learner attitudes before and after the introduction of a second foreign language to the curriculum},
	volume = {36},
	journal = {ScienceDirect System},
	author = {Henry, Alastair and Apelgren, Brit M.},
	year = {2008},
	pages = {607--623}
}

@book{herdina_dynamic_2002,
	address = {Clevedon},
	title = {A dynamic model of multilingualism. {Changing} the psycholinguistic perspective},
	publisher = {Multilingual Matters},
	author = {Herdina, Philip and Jessner, Ulrike},
	year = {2002}
}

@article{hofer_emergent_2017,
	title = {Emergent multicompetence at the primary level: a dynamic conception of multicompetence},
	volume = {26},
	number = {2},
	journal = {Language Awareness},
	author = {Hofer, Barbara},
	year = {2017},
	pages = {96--112}
}

@article{hofer_assessing_2019,
	title = {Assessing components of multi-(lingual) competence in young learners},
	doi = {doi.org/10.1016/j.lingua.2019.102747},
	journal = {Lingua},
	author = {Hofer, Barbara and Jessner, Ulrike},
	year = {2019}
}

@book{hornberger_continua_2003,
	address = {Clevedon},
	title = {Continua of biliteracy: {An} ecological framework for educational policy, research and practice in multilingual settings},
	publisher = {Multilingual Matters},
	editor = {Hornberger, Nancy H.},
	year = {2003}
}

@incollection{hornberger_continua_2007,
	address = {New York},
	title = {Continua of biliteracy},
	volume = {9},
	booktitle = {Encyclopedia of language and education, ecology of language,},
	publisher = {Springer},
	author = {Hornberger, Nancy H.},
	editor = {Creese, Angela and Martin, Peter and Hornberger, Nancy H.},
	year = {2007},
	pages = {275--290}
}

@article{jessner_dst_2008,
	title = {A {DST} model of multilingualism and the role of metalinguistic awareness},
	volume = {92},
	number = {2},
	journal = {The Modern Language Journal},
	author = {Jessner, Ulrike},
	year = {2008},
	pages = {270--283}
}

@article{jessner_why_2017,
	title = {Why context matters: {Social} inclusion and multilingualism in an {Austrian} school setting},
	volume = {5},
	number = {4},
	journal = {Social Inclusion},
	author = {Jessner, Ulrike and Mayer, Kerstin},
	year = {2017},
	pages = {87--97}
}

@article{jessner_role_2018,
	title = {The role of {Latin} in multilingual learners’ strategies},
	volume = {1},
	journal = {Language Education and Multilingualism},
	author = {Jessner, Ulrike and Török, Valentina and Pellegrini, Claudia},
	year = {2018},
	pages = {185--202}
}

@article{kordt_affordance_2018,
	title = {Affordance theory and multiple language learning and teaching},
	volume = {15},
	number = {2},
	journal = {International Journal of Multilingualism},
	author = {Kordt, Birgit},
	year = {2018},
	pages = {135--148}
}

@incollection{kramsch_why_2012,
	address = {Melanges},
	title = {Why is everyone so excited about complexity theory in applied linguistics?},
	booktitle = {Didactique des langues et comlexité. {En} hommage a {Richard} {Duda}},
	publisher = {CRAPEL 33},
	author = {Kramsch, Claire},
	editor = {Bailly, Sophie and Boulton, Alex and Macarie, Dominique},
	year = {2012},
	pages = {9--25}
}

@incollection{kramsch_ecological_2008,
	address = {Dordrecht},
	title = {Ecological perspectives on second language acquisition and socialization},
	volume = {8},
	booktitle = {Encyclopedia of language and education. {Language} and socialisation},
	publisher = {Springer},
	author = {Kramsch, Claire and Steffensen, Sune V.},
	editor = {Hornberger, Nancy H. and Duff, Patricia},
	year = {2008},
	pages = {17--28}
}

@incollection{lantolf_sociocultural_2007,
	address = {Mahwah, NJ},
	title = {Sociocultural theory and second language learning},
	booktitle = {Theories in second language acquisition},
	publisher = {Lawrence Erlbaum},
	author = {Lantolf, James and Thorne, Steven L.},
	editor = {van Patten, Bill and Williams, Jessica},
	year = {2007},
	pages = {201--224}
}

@book{larsen-freeman_complex_2008,
	address = {Oxford},
	title = {Complex systems and applied linguistics},
	publisher = {Oxford University Press},
	author = {Larsen-Freeman, Diane and Cameron, Lynn},
	year = {2008}
}

@article{lasagabaster_language_2013,
	title = {Language learning motivation and language attitudes in multilingual {Spain} from an international perspective},
	volume = {101},
	number = {3},
	journal = {The Modern Language Journal},
	author = {Lasagabaster, David},
	year = {2013},
	pages = {583--596}
}

@article{macintyre_emotions_2012,
	title = {Emotions that facilitate language learning: {The} positive-broadening power of the imagination},
	volume = {2},
	number = {2},
	journal = {Studies in Second Language Learning and Teaching},
	author = {MacIntyre, Peter and Gregersen, Tammy},
	year = {2012},
	pages = {193--213}
}

@book{macintyre_positive_2016,
	address = {Bristol},
	title = {Positive psychology in {SLA}},
	publisher = {Multilingual Matters},
	editor = {MacIntyre, Peter and Gregersen, Tammy and Mercer, Sarah},
	year = {2016}
}

@incollection{morgan_poststructuralism_2007,
	address = {London},
	title = {Poststructuralism and applied linguistics: {Complementary} {Approaches} to {Identity} and {Culture} in {ELT}},
	booktitle = {International handbook of {English} language teaching},
	publisher = {Routledge},
	author = {Morgan, Bryan},
	editor = {Hall, Graham},
	year = {2007},
	pages = {949--968}
}

@article{munoz_exploring_2014,
	title = {Exploring young learners’ foreign language learning awareness},
	volume = {23},
	number = {1-2},
	journal = {Language Awareness},
	author = {Munoz, Carmen},
	year = {2014},
	pages = {24--40}
}

@incollection{nagy_what_2009,
	address = {Clevedon},
	title = {What primary school pupils think about learning {English} as a foreign language},
	booktitle = {Early learning of modern foreign languages},
	publisher = {Multilingual Matters},
	author = {Nagy, Kriztina and Nikolov, Marianne},
	year = {2009},
	pages = {229--242}
}

@article{nasser_motivation_2011,
	title = {Motivation, attitude, and language learning},
	volume = {29},
	journal = {Procedia-Social and Behavioural Sciences},
	author = {Nasser, Oroujlou and Majid, Vahedi},
	year = {2011},
	pages = {994--1000}
}

@book{nikolov_early_2009,
	address = {Clevedon},
	title = {Early learning of modern foreign languages},
	publisher = {Multilingual Matters},
	author = {Nikolov, Marianne},
	year = {2009}
}

@incollection{nikolov_early_2009-1,
	address = {Clevedon},
	title = {Early modern foreign language programmes and outcomes: factors contributing to {Hungarian} learners’ proficiency},
	booktitle = {Early learning of modern foreign languages},
	publisher = {Multilingual Matters},
	author = {Nikolov, Marianne},
	editor = {Nikolov, Marianne},
	year = {2009},
	pages = {90--107}
}

@article{norton_practice_2011,
	title = {The practice of theory in the language classroom},
	volume = {18},
	number = {2},
	journal = {Issues in Applied Linguistics},
	author = {Norton, Bonny},
	year = {2011},
	pages = {171--180}
}

@incollection{norton_non-participation_2014,
	address = {London},
	title = {Non-participation, imagined communities and the language classroom},
	booktitle = {Learner contributions to language learning. {New} directions in research},
	publisher = {Routledge},
	author = {Norton, Bonny},
	editor = {Breen, Michael P.},
	year = {2014},
	pages = {159--171}
}

@incollection{olaoire_exploring_2004,
	address = {Clevedon},
	title = {Exploring multilingualism in cultural contexts: {Towards} a notion of multilinguality},
	booktitle = {Trilingualism in family, school and communitiy},
	publisher = {Multilingual Matters},
	author = {O'Laoire, Muriel and Aronin, Larissa},
	editor = {Hoffmann, Charlotte and Ytsma, Jehannes},
	year = {2004},
	pages = {11--29}
}

@article{otwinowska_introduction_2012,
	title = {Introduction: social and affective factors in multilingualism research},
	volume = {9},
	number = {4},
	journal = {International Journal of Multilingualism},
	author = {Otwinowska, Agnieszka and De Angelis, Gessica},
	year = {2012},
	pages = {347--351}
}

@article{paladino_ours_2009,
	title = {Ours is human: {On} the pervasiveness of infrahumanisation in inter-group relations},
	volume = {48},
	journal = {British Journal of Social Psychology},
	author = {Paladino, Maria P. and Vaes, Jeroen},
	year = {2009},
	pages = {237--251}
}

@article{pavlenko_access_2000,
	title = {Access to linguistic resources: {Key} variable in second language learning},
	volume = {2},
	journal = {Estudios de Sociolingüística},
	author = {Pavlenko, Aneta},
	year = {2000},
	pages = {85--105}
}

@incollection{pavlenko_poststructuralist_2002,
	address = {Clevedon},
	title = {Poststructuralist approaches to the study of social factors in second language learning and use.},
	booktitle = {Portraits of the {L2} user},
	publisher = {Multilingual Matters},
	author = {Pavlenko, Aneta},
	editor = {Cook, Vivian},
	year = {2002},
	pages = {277--302}
}

@article{peirce_social_1995,
	title = {Social identiy, investment, and language learning},
	volume = {29},
	number = {1},
	journal = {Tesol Quarterly},
	author = {Peirce, Bonny},
	year = {1995},
	pages = {9--31}
}

@article{pennycook_towards_1990,
	title = {Towards a critical applied linguistics for the 1990s},
	volume = {1},
	number = {1},
	journal = {Issues in Applied Linguistics},
	author = {Pennycook, Alastair},
	year = {1990},
	pages = {8--28}
}

@book{philips_expanded_2000,
	address = {Lanham},
	title = {The expanded social scientist's bestiary: {A} guide to fabled threats to, and defenses of, naturalistic social science},
	publisher = {Rowman \& Littlefield Publishers},
	author = {Philips, Denis},
	year = {2000}
}

@incollection{schmid_contact_2011,
	address = {Amsterdam/Philadelphia},
	title = {Contact x time: {External} factors and variability in {L1} attrition},
	booktitle = {Modeling bilingualism: {From} structure to chaos},
	publisher = {John Benjamins Publishing Company},
	author = {Schmid, Monika S.},
	year = {2011},
	pages = {155--176}
}

@article{spencer_moving_2006,
	title = {Moving toward a grand theory of development: {In} memory of {Esther} {Thelen}},
	volume = {77},
	number = {6},
	journal = {Child Development},
	author = {Spencer, John P.. and Corbetta, Daniela and Buchanan, Patricia and Clearfield, Melissa and Ulrich, Beverly and Schöner, Gregor},
	year = {2006},
	pages = {1521--1538}
}

@article{smith_development_2003,
	title = {Development as a dynamic system},
	volume = {7},
	number = {8},
	journal = {Trends in Cognitive Sciences},
	author = {Smith, Linda and Thelen, Esther},
	year = {2003},
	pages = {343--348}
}

@book{thelen_dynamic_1994,
	address = {Cambridge, MA},
	title = {A dynamic systems approach to the development of cognition and action},
	publisher = {MIT Press},
	author = {Thelen, Esther and Smith, Linda B.},
	year = {1994}
}

@article{todor_language_2016,
	title = {Language attitudes, language learning experiences and individual strategies. {What} does school offer and what does it lack?},
	volume = {8},
	number = {2},
	journal = {Acta Universitatis Sapientiae, Philologica},
	author = {Tódor, Erika-Maria and Dégi, Zsuzsanna},
	year = {2016},
	pages = {123--137}
}

@article{wesely_learner_2012,
	title = {Learner attitudes, perceptions, and beliefs in language learning},
	volume = {45},
	number = {1},
	journal = {Foreign Language Annals},
	author = {Wesely, Pamela M.},
	year = {2012},
	pages = {98--117}
}

@incollection{van_geert_dynamic_2011,
	address = {Amsterdam/Philadelphia},
	title = {A dynamic model of language learning and acquisition},
	booktitle = {Modeling bilingualism: {From} structure to chaos},
	publisher = {John Benjamins Publishing Company},
	author = {van Geert, Paul and Steenbeek, Henderien and van Dijk, Marijn},
	editor = {Schmid, Monika and Wander, Lowie},
	year = {2011},
	pages = {235--266}
}

@book{vygotsky_thought_1962,
	address = {Cambridge, MA},
	title = {Thought and language},
	publisher = {MIT Press},
	author = {Vygotsky, Lev S.},
	year = {1962}
}
