
@incollection{amin_nativism_2004,
	address = {Ann Arbor},
	title = {Nativism, the native speaker construct, and minority teachers of {English} as a second language},
	booktitle = {Learning and teaching from experience: {Perspectives} on nonnative {English}-speaking professionals},
	publisher = {The University of Michigan Press},
	author = {Amin, Nutzhat},
	editor = {Kamhi-Stein, Lia},
	year = {2004},
	pages = {6--80}
}

@incollection{annous_nativespeakerism_2011,
	address = {Bruxelles},
	title = {Le “nativespeakerism” et l’identité des enseignants non natifs de l’anglais au {Liban}},
	booktitle = {L’enseignement non natif : identités et légitimité dans l’enseignement-apprentissage des langues étrangères},
	publisher = {E.M.E},
	author = {Annous, Samer},
	editor = {Dervin, Fred and Badrinathan, Vasumathi},
	year = {2011},
	pages = {213--236}
}

@book{bardin_lanalyse_1993,
	address = {Paris},
	title = {L’analyse de contenu},
	publisher = {PUF},
	author = {Bardin, Laurence},
	year = {1993}
}

@incollection{bento_les_2011,
	address = {Bruxelles},
	title = {Les enseignants natifs dans les approches plurilingues : un atout ?},
	booktitle = {L’enseignement non natif : identités et légitimité dans l’enseignement-apprentissage des langues étrangères},
	publisher = {E.M.E},
	author = {Bento, Margaret},
	editor = {Dervin, Fred and Badrinathan, Vasumathi},
	year = {2011},
	pages = {103--115}
}

@incollection{berthoud_communication_2016,
	address = {Paris},
	title = {Une communication scientifique plurilingue au service de la qualité des savoirs},
	booktitle = {L’{Université} en contexte plurilingue dans la dynamique numérique},
	publisher = {Editions des archives contemporaines},
	author = {Berthoud, Anne-Claude},
	editor = {Borg, Serge and et al},
	year = {2016},
	pages = {167--174}
}

@book{berthoud_exploring_2013,
	address = {Amsterdam/Philadelphia},
	title = {Exploring the dynamics of multilingualism. {The} {DYLAN} research project},
	publisher = {Benjamins},
	editor = {Berthoud, Anne-Claude and Grin, François and Lüdi, Georges},
	year = {2013}
}

@article{bley-vromon_comparative_1983,
	title = {The comparative fallacy in interlanguage studies: {The} case of systematicity},
	volume = {33},
	number = {1},
	journal = {A Journal of Research in Language Studies},
	author = {Bley-Vromon, Robert},
	year = {1983},
	pages = {1--17}
}

@book{blommaert_debating_1998,
	address = {London},
	title = {Debating diversity: {Analysing} the discourse of tolerance},
	publisher = {Routledge},
	author = {Blommaert, Jan and Verschueren, Jef},
	year = {1998}
}

@article{boyer_competence_1995,
	title = {De la competence ethnosocioculturelle},
	volume = {272},
	journal = {Le français dans le monde},
	author = {Boyer, Henri},
	year = {1995},
	pages = {41--44}
}

@incollection{castellotti_natif_2011,
	address = {Bruxelles},
	title = {Natif, non natif ou plurilingue: dénativiser l’enseignement des langues?},
	booktitle = {L’enseignement non natif: identités et légitimité dans l’enseignement-apprentissage des langues étrangères},
	publisher = {E.M.E},
	author = {Castellotti, Véronique},
	editor = {Dervin, Fred and Badrinathan, Vasumathi},
	year = {2011},
	pages = {29--50}
}

@article{clark_employability_2007,
	title = {The employability of non-native speaker teachers of {EFL}: {A} {UK} survey},
	volume = {35},
	journal = {System},
	author = {Clark, Elizabeth and Paran, Amos},
	year = {2007},
	pages = {407--430}
}

@article{cook_poverty---stimulus_1991,
	title = {The poverty-of-the-stimulus argument and multi-competence},
	volume = {7},
	number = {2},
	journal = {Second Language Research},
	author = {Cook, Vivian J.},
	year = {1991},
	pages = {103--117}
}

@incollection{cook_background_2002,
	address = {Clevedon},
	title = {Background to the {L2} user},
	booktitle = {Portraits of the {L2} {User}},
	publisher = {Multilingual Matters},
	author = {Cook, Vivian J.},
	editor = {Cook, Vivian J.},
	year = {2002},
	pages = {1--28}
}

@book{cook_second_2008,
	address = {London},
	title = {Second language learning and language teaching},
	publisher = {Arnold},
	author = {Cook, Vivian J.},
	year = {2008}
}

@book{coppieters_point_1976,
	address = {Cambridge, MA},
	title = {Point of view in {French} syntax},
	publisher = {Harvard University Dissertation},
	author = {Coppieters, René},
	year = {1976}
}

@book{davies_native_2003,
	address = {Clevedon},
	title = {The native speaker: {Myth} and reality},
	publisher = {Multilingual Matters},
	author = {Davies, Alan},
	year = {2003}
}

@article{derivry_les_2006,
	title = {Les enseignants « natifs » et « non-natifs » de langue(s) : catégorisation linguistique ou construction sociale ?},
	volume = {55},
	journal = {Travaux de didactique du FLE},
	author = {Derivry, Martine},
	year = {2006},
	pages = {100--108}
}

@book{dervin_lenseignement_2011,
	address = {Bruxelles},
	title = {L’enseignement non natif : identités et légitimité dans l’enseignement-apprentissage des langues étrangères},
	publisher = {E.M.E},
	author = {Dervin, Fred and Badrinathan, Vasumathi},
	year = {2011}
}

@book{durkheim_les_1960,
	address = {Paris},
	title = {Les formes élémentaires de la vie religieuse},
	publisher = {PUF},
	author = {Durkheim, Emile},
	year = {1960}
}

@incollection{gnutzmann_english_1999,
	address = {Tübingen},
	title = {English as a global language: perspectives for {English} language teaching and for teacher education in {Germany}},
	booktitle = {Teaching and learning {English} as a global language: {Native} and non-native perspectives},
	publisher = {Stauffenberg Verlag},
	author = {Gnutzmann, Claus},
	editor = {Gnutzmann, Claus},
	year = {1999},
	pages = {157--169}
}

@inproceedings{gajo_lenseignant_2005,
	address = {Université de Prague},
	title = {L’enseignant en section bilingue: un nouvel enseignant?},
	url = {http://rencontres-bilingues-prague.hautetfort.com/files/laurent_gajo.pdf.},
	author = {Gajo, Laurent},
	year = {2005}
}

@article{gajo_plurilinguisme_2013,
	title = {Le plurilinguisme dans et pour la science : enjeux d’une politique linguistique à l’université},
	volume = {8},
	journal = {Synergies Europe},
	author = {Gajo, Laurent},
	year = {2013},
	pages = {97--109}
}

@book{gogolin_monolinguale_2008,
	address = {Münster},
	title = {Der monolinguale {Habitus} der multilingualen {Schule}},
	publisher = {Waxman},
	author = {Gogolin, Ingrid},
	year = {2008}
}

@article{holliday_native-speakerism_2006,
	title = {Native-speakerism},
	volume = {60},
	doi = {Doi:10.1093/elt/cclo30.},
	number = {4},
	journal = {ELT Journal},
	author = {Holliday, Adiran},
	year = {2006}
}

@incollection{ofra_mind_2005,
	address = {New York},
	title = {Mind the gap: self and perceived native speaker identities of {EFL} teachers},
	booktitle = {Non-native language teachers. {Perceptions}, challenges and contributions to the profession},
	publisher = {Springer},
	author = {Ofra, Inbar-Lourie},
	editor = {Llurda, Enric},
	year = {2005},
	pages = {265--281}
}

@book{jodelet_les_2003,
	title = {Les représentations sociales},
	publisher = {PUF},
	editor = {Jodelet, Denise},
	year = {2003}
}

@article{kang_mitigating_2015,
	title = {Mitigating {U}.{S}. undergraduates’ attitudes toward international teaching assistants},
	volume = {49},
	number = {1},
	journal = {TESOL Quarterly},
	author = {Kang, Okim and Rubin, Donald and Lindemann, Stephanie},
	year = {2015},
	pages = {681--706}
}

@article{kramsch_privilege_1997,
	title = {The privilege of the non-native speaker},
	volume = {112},
	number = {3},
	journal = {Publications of the Modern Language Association of America},
	author = {Kramsch, Claire},
	year = {1997},
	pages = {359--369}
}

@article{lasagabaster_university_2002,
	title = {University students’ perceptions of native and non-native speaker teachers of {English}},
	volume = {11},
	number = {2},
	journal = {Language Awareness},
	author = {Lasagabaster, David and Sierra, Juan Manuel},
	year = {2002},
	pages = {132--142}
}

@incollection{li-chua_chen_professeur_2011,
	address = {Bruxelles},
	title = {Professeur de {FLE} natif vs non natif dans le contexte taïwanais : comment les étudiants taïwanais perçoivent-ils le rôle de chacun?},
	booktitle = {L’enseignement non natif : identités et légitimité dans l’enseignement-apprentissage des langues étrangères},
	publisher = {E.M.E},
	author = {Li-Chua Chen, Megali and Van Tien Nguyen, Etienne},
	editor = {Dervin, Fred and Badrinathan, Vasumathi},
	year = {2011},
	pages = {167--185}
}

@article{lindemann_role_2017,
	title = {The role of the descriptor “broken {English}” in ideologies about nonnative speech},
	volume = {46},
	journal = {Language in Society},
	author = {Lindemann, Stephanie and Moran, Katherine},
	year = {2017},
	pages = {649--669}
}

@article{lindemann_reliably_2013,
	title = {Reliably biased: the role of listener expectation in the perception of second language speech},
	volume = {63},
	number = {3},
	journal = {Language Learning},
	author = {Lindemann, Stephanie and Subtirelu, Nicholas},
	year = {2013},
	pages = {567--594}
}

@book{llurda_non-native_2005,
	address = {New York},
	title = {Non-native language teachers. {Perceptions}, challenges and contributions to the profession},
	publisher = {Springer},
	author = {Llurda, Enric},
	year = {2005}
}

@article{medgyes_native_1992,
	title = {Native or non-native: who’s worth more?},
	volume = {46},
	journal = {ELT Journal},
	author = {Medgyes, Péter},
	year = {1992},
	pages = {340--349}
}

@book{medgyes_non-native_1994,
	address = {London},
	title = {The non-native teacher},
	publisher = {MacMillan},
	author = {Medgyes, Péter},
	year = {1994}
}

@article{melo-pfeifer__2017,
	title = {« {Es} ist nicht wirklich negativ, sondern eher authentisch » : l’authenticité plurilingue du professeur universitaire « non-natif ». {Une} étude de cas de la perception des étudiants à l’{Université} de {Hambourg}},
	volume = {106},
	journal = {Bulletin suisse de linguistique appliquée},
	author = {Melo-Pfeifer, Silvia},
	year = {2017},
	pages = {99--119}
}

@article{menghini_supporting_2017,
	title = {Supporting multilingualism in academic writing},
	volume = {11},
	number = {4},
	journal = {International Journal of Language Studies},
	author = {Menghini, Michela},
	year = {2017},
	pages = {107--130}
}

@incollection{miller_chinese_2010,
	address = {Hong Kong},
	title = {Chinese pre-service teachers in {Australia}: {Language}, identity, and practice},
	booktitle = {International education and the {Chinese} learner},
	publisher = {Hong Kong University Press},
	author = {Miller, Jennifer},
	editor = {Ryan, Janette and Slethaug, Gordon},
	year = {2010},
	pages = {129--148}
}

@incollection{montgomery_developing_2011,
	address = {Bristol},
	title = {Developing perceptions of interculturality: {A} troublesome space?},
	booktitle = {Language and learning in the international university. {From} {English} uniformity to diversity and hybridity},
	publisher = {Multilingual Matters},
	author = {Montgomery, Catherine},
	editor = {Preisler, Bent and Klitgard, lda and Fabricius, Anne},
	year = {2011},
	pages = {59--75}
}

@incollection{mueller_english_2018,
	address = {Amsterdam},
	title = {English as a lingua franca at the multilingual university. {A} comparison of monolingually and multilingually raised students and instructors},
	booktitle = {Foreign language education in multilingual classrooms},
	publisher = {John Benjamins Publishing Company},
	author = {Mueller, Jessica},
	editor = {Bonnet, Anadreas and Siemud, Peter},
	year = {2018},
	pages = {359--380}
}

@article{pratt_arts_1991,
	title = {Arts of the contact zone},
	volume = {91},
	journal = {Profession},
	author = {Pratt, Mary Louise},
	year = {1991},
	pages = {33--40}
}

@incollection{rajagopalan_non-native_2005,
	address = {New York},
	title = {Non-native speaker teachers of {English} and their anxieties: ingredients for an experiment in action research},
	booktitle = {Non-native language teachers. {Perceptions}, challenges and contributions to the profession},
	publisher = {Springer},
	author = {Rajagopalan, Kanavilil},
	editor = {Llurda, Enric},
	year = {2005},
	pages = {283--303}
}

@incollection{roussi_linsecurite_2011,
	address = {Bruxelles},
	title = {L’insécurité linguistique entre pratiques enseignantes et compétences  langagières : vers une redéfinition du rôle de l’enseignant de langues},
	booktitle = {L’enseignement non natif : identités et légitimité dans l’enseignement-apprentissage des langues étrangères},
	publisher = {E.M.E},
	author = {Roussi, Maria and Cherkaoui, Kenza},
	editor = {Dervin, Fred and Badrinathan, Vasumathi},
	year = {2011},
	pages = {237--264}
}

@article{ruiz_orientations_1984,
	title = {Orientations in language planning},
	volume = {8},
	doi = {https://doi.org/10.1080/08855072.1984.10668464},
	number = {2},
	journal = {NABE Journal},
	author = {Ruiz, Richard},
	year = {1984},
	pages = {15--34}
}

@book{savin-baden_learning_2008,
	address = {Maidenhead},
	title = {Learning spaces: {Creating} opportunities for knowledge creation in academic life},
	publisher = {Open University Press},
	author = {Savin-Baden, Maggi},
	year = {2008}
}

@article{subtirelu_she_2015,
	title = {“{She} does have an accent but…”: {Race} and language ideology in students' evaluations of mathematics instructors on {RateMyProfessors}.com},
	volume = {44},
	journal = {Language in Society},
	author = {Subtirelu, Nicholas},
	year = {2015},
	pages = {35--62}
}

@article{taillefer_enseigner_2004,
	title = {Enseigner une matière disciplinaire en langue étrangère dans le contexte français des sciences sociales: défi, observations et implications},
	volume = {45-46},
	journal = {La revue GERAS ASP},
	author = {Taillefer, Garcia},
	year = {2004},
	pages = {111--126}
}

@article{varghese_theorizing_2005,
	title = {Theorizing language teacher identity: three perspectives and beyond},
	volume = {4},
	number = {1},
	journal = {Journal of Language, Identity and Education},
	author = {Varghese, Manka M. and Morgan, Brian J. and Johnson, Bill and Johnson, Kimberly A.},
	year = {2005},
	pages = {1--44}
}

@article{yanaprasart_stretching_2017,
	title = {Stretching the boundaries of your linguistic comfort zone, an inclusive way to lead a multilingual team},
	volume = {106},
	journal = {Bulletin VALS/ASLA},
	author = {Yanaprasart, Patchareerat},
	year = {2017},
	pages = {25--43}
}

@article{yanaprasart_enjeux_2018,
	title = {Enjeux de la double médiation du plurilinguisme dans le milieu académique multilingue. {Internationalisation} ou diversité dans l’enseignement supérieur ?},
	volume = {15},
	issn = {1958-5772},
	url = {http://journals.openedition.org/rdlc/2991},
	doi = {10.4000/rdlc.2991},
	number = {2},
	journal = {Recherches en didactique des langues et des cultures},
	author = {Yanaprasart, Patchareerat},
	month = jun,
	year = {2018}
}

@incollection{yanaprasart_enjeux_2018-1,
	address = {Paris},
	title = {Des enjeux linguistiques de la diversité académique aux défis didactiques d’enseignants non-natifs de la langue d’enseignement. {Regards} des étudiants},
	booktitle = {Interculturalité, circulation et globalisation.  {Nouveaux} contextes et nouvelles pratiques},
	publisher = {L’Harmattan},
	author = {Yanaprasart, Patchareerat},
	editor = {Razafindratsimba, Dominique Tiana and Razafindralambo, Lolona N.},
	year = {2018},
	pages = {307--322}
}

@incollection{yanaprasart_defis_2019,
	address = {Limorges},
	title = {Défis de la diversité des langues dans la gestion des disciplines et des cultures académiques},
	booktitle = {De la diversité culturelle à l'interculturel dans l'enseignement des langues - de la classe de langues à l’espace interculturel},
	publisher = {Editions Lambert-Lucas},
	author = {Yanaprasart, Patchareerat},
	editor = {Bolat, Altangul and Noriyuki, Noriyuki and Jourdan-Ôtsuka, Romain},
	year = {2019},
	pages = {51--70}
}

@article{yanaprasart_language_2020,
	title = {Language of knowledge and knowledge of language. {Towards} plurilingual sciences?},
	volume = {10},
	issn = {2156-8235, 2156-8243},
	url = {https://www.tandfonline.com/doi/full/10.1080/21568235.2020.1777450},
	doi = {10.1080/21568235.2020.1777450},
	language = {en},
	number = {3},
	journal = {European Journal of Higher Education},
	author = {Yanaprasart, Patchareerat},
	month = jul,
	year = {2020},
	pages = {257--275}
}

@article{yanaprasart_diversity_2018,
	title = {Diversity and multilingual challenges in academic settings},
	volume = {21},
	issn = {1367-0050, 1747-7522},
	url = {https://www.tandfonline.com/doi/full/10.1080/13670050.2017.1308311},
	doi = {10.1080/13670050.2017.1308311},
	language = {en},
	number = {7},
	journal = {International Journal of Bilingual Education and Bilingualism},
	author = {Yanaprasart, Patchareerat and Lüdi, Georges},
	month = oct,
	year = {2018},
	pages = {825--840}
}

@book{yanaprasart_representations_2017,
	address = {Hambourg},
	title = {Représentations des enseignants plurilingues par des étudiants dans le domaine de la didactique des langues. {Entre} perception monolingue et plurilingue du plurilinguisme},
	publisher = {Projet concours interne Genève},
	author = {Yanaprasart, Patchareerat and Melo-Pfeifer, Silvia},
	year = {2017}
}

@article{yanaprasart_students_2019,
	title = {Students’ perceptions of authenticity of plurilingual non-native teachers in multilingual higher education settings: an exploratory and comparative case study of {Geneva} and {Hamburg}},
	volume = {9},
	issn = {2156-8235, 2156-8243},
	shorttitle = {Students’ perceptions of authenticity of plurilingual non-native teachers in multilingual higher education settings},
	url = {https://www.tandfonline.com/doi/full/10.1080/21568235.2019.1597749},
	doi = {10.1080/21568235.2019.1597749},
	language = {en},
	number = {3},
	journal = {European Journal of Higher Education},
	author = {Yanaprasart, Patchareerat and Melo-Pfeifer, Sílvia},
	month = jul,
	year = {2019},
	pages = {327--342}
}
