
@article{allegro_percepcao_2010,
	title = {A percepção das vogais do português por hispanofalantes: {Um} estudo envolvendo paulistanos e rioplatenses},
	volume = {22},
	journal = {Revista Intercâmbio},
	author = {Allegro, Fernando},
	year = {2010},
	pages = {56--71}
}

@inproceedings{bailey_similar_2013,
	address = {Somerville, MA},
	title = {Similar, yet different: {Acquisition} of {Brazilian} {Portuguese} nasal vowels by {Spanish}-{English} bilinguals},
	url = {http://www.lingref.com/cpp/hls/16/paper2930.pdf},
	booktitle = {Selected {Proceedings} of the 16th {Hispanic} {Linguistics} {Symposium}},
	publisher = {Cascadilla Proceedings Project},
	author = {Bailey, Ann},
	editor = {Amaro, Jennifer and Lord, J. and Prada Pérez, Ana and Aaron, Jessi},
	year = {2013},
	pages = {128--142}
}

@book{bateman_perspectivas_2016,
	address = {Ronkonkoma, NY},
	title = {Perspectivas: {Português} para falantes de espanhol},
	publisher = {Linus Learning},
	author = {Bateman, Blair and Mattos, Marilena and Brasileiro, Marcos and Pérez Knapp, Nieves},
	year = {2016}
}

@article{bateman_students_2014,
	title = {Students’ motivations for choosing (or not) to study {Portuguese}: {A} survey of beginning university-level classes},
	volume = {97},
	url = {https://www.jstor.org/stable/pdf/24368776.pdf},
	number = {2},
	journal = {Hispania},
	author = {Bateman, Blair and Oliveira, Desirée},
	year = {2014},
	pages = {264--280}
}

@article{beaudrie_teaching_2017,
	title = {The teaching and learning of spelling in the {Spanish} heritage language classroom: {Mastering} written accent marks},
	volume = {100},
	number = {4},
	journal = {Hispania},
	author = {Beaudrie, Sara M.},
	year = {2017},
	pages = {596--611}
}

@article{bowles_measuring_2011,
	title = {Measuring implicit and explicit linguistic knowledge: {What} can heritage language learners contribute?},
	volume = {33},
	journal = {Studies in Second Language Acquisition},
	author = {Bowles, Melissa},
	year = {2011},
	pages = {247--271}
}

@article{cabrelli_amaro_investigating_2016,
	title = {Investigating the acquisition of phonology in a third language – a state of the science and an outlook for the future},
	volume = {13},
	url = {https://www.tandfonline.com/doi/full/10.1080/14790718.2016.1217601},
	number = {4},
	journal = {International Journal of Multilingualism},
	author = {Cabrelli Amaro, Jennifer and Wrembel, Magdalen},
	year = {2016},
	pages = {395--409}
}

@article{carvalho_portugues_2002,
	title = {Português para falantes de espanhol: {Perspectivas} de um campo de pesquisa},
	volume = {85},
	url = {https://www.jstor.org/stable/4141149?origin=JSTOR-pdf&seq=1#metadata_info_tab_contents},
	number = {3},
	journal = {Hispania},
	author = {Carvalho, Ana M.},
	year = {2002},
	pages = {597--608}
}

@article{carvalho_cross-linguistic_2006,
	title = {Cross-linguistic {Influence} in third language acquisition: {The} case of {Spanish}-{English} bilinguals’ acquisition of {Portuguese}},
	volume = {39},
	number = {2},
	journal = {Foreign Languages Annals},
	author = {Carvalho, Ana M. and Silva, Antonio J. B.},
	year = {2006},
	pages = {185--202}
}

@article{carvalho_teaching_2010,
	title = {Teaching {Portuguese} for {Spanish} speakers: {A} case for trilingualism},
	volume = {93},
	url = {https://www.jstor.org/stable/25703395},
	number = {1},
	journal = {Hispania},
	author = {Carvalho, Ana and Freire, Juliana and Silva, Antonio},
	year = {2010},
	pages = {70--75}
}

@article{cenoz_focus_2011,
	title = {Focus on multilingualism: {A} study of trilingual writing},
	volume = {95},
	url = {https://onlinelibrary.wiley.com/doi/pdf/10.1111/j.1540-4781.2011.01206.x},
	number = {3},
	journal = {The Modern Language Journal},
	author = {Cenoz, Jasone},
	year = {2011},
	pages = {356--369}
}

@incollection{child_typological_2017,
	address = {Amsterdam},
	title = {The typological primacy model and bilingual types: {Transfer} differences between {Spanish}/{English} bilinguals in {L3} {Portuguese} acquisition},
	booktitle = {Multidisciplinary approaches to bilingualism in the hispanic and lusophone world},
	publisher = {John Benjamins Publishing Company},
	author = {Child, Michael},
	editor = {Bellamy, Kate and Child, Michael and González, Paz and Muntendam, Antje and Couto, María},
	year = {2017},
	pages = {41--64}
}

@phdthesis{child_cross-linguistic_2014,
	address = {Tucson},
	type = {Unpublished doctoral dissertation},
	title = {Cross-linguistic {Influence} in the {L3} acquisition of {Portuguese}: {Language} learning perceptions and the transfer of mood distinctions by three groups of {Spanish}- {English} bilinguals},
	school = {University of Arizona},
	author = {Child, Michael},
	year = {2014}
}

@article{child_language_2013,
	title = {Language learning perceptions: {The} role of {Spanish} in {L3} {Portuguese} acquisition},
	volume = {7},
	url = {http://www.ensinoportugues.org/wp-content/uploads/2013/11/Child-2013-Language-Learning-Perceptions-The-Role-of-Spanish-in-L3-Portuguese-Acquisition.pdf},
	journal = {Portuguese Language Journal},
	author = {Child, Michael},
	year = {2013},
	pages = {1--55}
}

@inproceedings{coorrea_heritage_nodate,
	address = {Somerville, MA},
	title = {Heritage language learners of {Spanish}: {What} role does metalinguistic knowledge play in their acquisition of the subjunctive?},
	url = {http://citeseerx.ist.psu.edu/viewdoc/download?doi=10.1.1.655.2137&rep=rep1&type=pdf},
	booktitle = {Selected proceedings of the 13th {Hispanic} {Linguistics} {Symposium}},
	publisher = {Cascadilla Proceedings Project},
	author = {Coorrea, Maite},
	editor = {Ortiz, Luís},
	pages = {128--138}
}

@incollection{donato_ties_2015,
	address = {New York, NY},
	title = {The ties that bind: {Italian} for {Spanish} speakers in intercomprehension},
	booktitle = {Intercomprehension and multilingualism: {Teaching} {Italian} to {Romance} language speakers},
	publisher = {Calandra Institute Transactions},
	author = {Donato, Clorinda and Oliva, Cedric},
	editor = {Dolci, Roberto and Tamburri, Anthony},
	year = {2015},
	pages = {61--78}
}

@article{donato_language_2015,
	title = {Language of the other: {Italian} for {Spanish} speakers through intercomprehension},
	volume = {92},
	url = {https://www.jstor.org/stable/pdf/43895295.pdf},
	number = {3},
	journal = {Italica},
	author = {Donato, Clorinda and Pasquarelli-Gascon, Violet},
	year = {2015},
	pages = {713--736}
}

@article{gorter_linguistic_2017,
	title = {Linguistic landscapes and trends in the study of schoolscapes},
	volume = {4},
	url = {https://www.sciencedirect.com/science/article/pii/S0898589817302899},
	journal = {Linguistics and Education},
	author = {Gorter, Durk},
	year = {2017},
	pages = {80--85}
}

@book{escobar_espanol_2015,
	title = {El español de los {Estados} {Unidos}},
	publisher = {Cambridge University Press},
	author = {Escobar, Anna and Potowski, Kim},
	year = {2015}
}

@article{feiden_o_2014,
	title = {O efeito da anterioridade e da altura na identificação das vogais medias altas e medias baixas do português brasileiro por falantes de espanhol},
	volume = {40},
	url = {https://www.lume.ufrgs.br/bitstream/handle/10183/97098/000919203.pdf?sequence=1},
	number = {1},
	journal = {Letras de Hoje},
	author = {Feiden, Juliana and Alves, Ubiratã and Finger, Ingrid},
	year = {2014},
	pages = {85--94}
}

@incollection{jensen_evaluating_1989,
	address = {Austin, TX},
	title = {Evaluating {Portuguese} performance of {Spanish}-speaking students},
	booktitle = {Negotiating for meaning: {Papers} on foreign language teaching and testing},
	publisher = {Department of Foreing Language Education Studies},
	author = {Jensen, John},
	editor = {Koike, Dale and Simões, Antonio},
	year = {1989},
	pages = {119--130}
}

@article{jensen_mutual_1989,
	title = {On the mutual intelligibility of {Spanish} and {Portuguese}},
	volume = {72},
	url = {https://www.jstor.org/stable/343562?seq=1#metadata_info_tab_contents},
	number = {4},
	journal = {Hispania},
	author = {Jensen, John},
	year = {1989},
	pages = {848--852}
}

@book{jessner_linguistic_2006,
	address = {Edinburgh},
	title = {Linguistic awareness in multilinguals : {English} as a third language},
	publisher = {Edinburgh University Press},
	author = {Jessner, Ulrike},
	year = {2006}
}

@incollection{johnson_what_2004,
	address = {Campinas, São Paulo},
	title = {What is a {Spanish} speaker?},
	booktitle = {Português para falantes de espanhol-{Portuguese} for {Spanish} speakers},
	publisher = {Editora Pontes},
	author = {Johnson, Keith},
	editor = {Simões, Antonio and Carvalho, Ana and Wiedmann, Lyris},
	year = {2004}
}

@misc{kelm_ta_2006,
	title = {Tá falado! {Brazilian} {Portuguese} pronunciation for speakers of {Spanish}},
	url = {https://www.coerll.utexas.edu/brazilpod/tafalado/},
	journal = {Ta falado},
	author = {Kelm, Orlando},
	year = {2006}
}

@incollection{koike_pragmatic_2004,
	address = {Campinas},
	title = {Pragmatic transfer from {Spanish} to {Portuguese} as an {L3}: {Requests} and apologies},
	booktitle = {Portuguese for {Spanish} speakers: {Acquisition} and teaching/{Português} para falantes de {Espanhol}: {Acquisição} e ensino},
	publisher = {Pontes},
	author = {Koike, Dale and Flanzer, Vivian},
	editor = {Wiedmann, Lyris and Scaramucci, Matilde},
	year = {2004},
	pages = {95--114}
}

@incollection{koike_effect_2008,
	address = {Campinas},
	title = {The effect of explicit or implicit teaching of grammatical form in {Portuguese} as a third language: {Noticing} and transfer},
	booktitle = {Portuguese for {Spanish} {Speakers}: {Acquisition} and teaching/{Português} para falantes de {Espanhol}: {Acquisição} e ensino},
	publisher = {Pontes},
	author = {Koike, Dale and Gualda, Ricardo},
	editor = {Wiedmann, Lyris and Scaramucci, Matilde},
	year = {2008},
	pages = {47--67}
}

@article{milleret_portuguese_2012,
	title = {Portuguese study in higher education in the {United} {States}},
	volume = {95},
	url = {https://www.jstor.org/stable/41440367},
	number = {1},
	journal = {Hispania},
	author = {Milleret, Margot},
	year = {2012},
	pages = {135--150}
}

@book{mla_ad_hoc_committee_on_foreign_languages_foreign_2007,
	title = {Foreign languages and higher education: {New} structures for a changed world. {Profession}},
	author = {MLA Ad Hoc Committee on Foreign Languages},
	year = {2007}
}

@article{montrul_gender_2008,
	title = {Gender agreement in adult second language learners and {Spanish} heritage speakers: {The} effects of age and context of acquisition},
	volume = {58},
	number = {3},
	journal = {Language Learning},
	author = {Montrul, Silvina},
	year = {2008},
	pages = {503--553}
}

@book{odlin_language_1989,
	title = {Language transfer: {Cross}-linguistic influence in language learning},
	publisher = {Cambridge University Press},
	author = {Odlin, Terence},
	year = {1989}
}

@article{rothman_typological_2010,
	title = {On the typological economy of syntactic transfer: {Word} order and relative clause high/low attachment preference in {L3} {Brazilian} {Portuguese}},
	volume = {48},
	number = {2-3},
	journal = {IRAL-International Review of Applied Linguistics},
	author = {Rothman, Janson},
	year = {2010},
	pages = {245--273}
}

@book{simoes_pois_2010,
	address = {Austin, TX},
	title = {Pois não: {Brazilian} {Portuguese} course for {Spanish} speakers with basic reference grammar},
	publisher = {Universty of Texas Press},
	author = {Simões, Antonio},
	year = {2010}
}

@book{simoes_com_1992,
	address = {Austin, TX},
	title = {Com licença!: {Brazilian} {Portuguese} for {Spanish} speakers},
	publisher = {University of Texas Press},
	author = {Simões, Antonio},
	year = {1992}
}

@book{simoes_portugues_2004,
	address = {Campinas},
	title = {Português para falantes de espanhol-{Portuguese} for {Spanish} speakers},
	publisher = {Editora Pontes},
	author = {Simões, Antonio and Carvalho, Ana and Wiedmann, Lyris},
	year = {2004}
}

@article{simoes_o_1991,
	title = {O processo de aquisição das vogais semi-abertas “é, ó” / ɛ, ɔ / do português (brasileiro) como língua estrangeira},
	volume = {74},
	number = {3},
	journal = {Hispania},
	author = {Simões, Antonio and Kelm, O. R.},
	year = {1991},
	pages = {654--665}
}

@article{sommer-farias_portuguese_2020,
	title = {Portuguese language program evaluation: {Implementation}, results and follow-up strategies},
	volume = {28},
	journal = {Journal of Less-Commonly Taught Languages},
	author = {Sommer-Farias, Bruna and Carvalho, Ana and Picoral, Adriana},
	year = {2020},
	pages = {1--50}
}

@book{staples_multilingual_2019,
	title = {Multilingual {Academic} {Corpus} of {Assignments}—{Writing} and {Speech} ({MACAWS})},
	author = {Staples, Shelley and Novikov, Alex and Picoral, Adriana and Sommer-Farias, Bruna},
	year = {2019}
}

@article{takeuchi_semejanza_1984,
	title = {La {Semejanza} con la lengua materna: {Tropiezos} para el aprendizaje del español},
	volume = {31},
	url = {https://revistas.ufpr.br/letras/article/viewFile/19325/12610},
	number = {6},
	journal = {Revista de Letras},
	author = {Takeuchi, Nadoca},
	year = {1984},
	pages = {181--185}
}

@phdthesis{torres_heritage_2013,
	address = {Washington D.C.},
	type = {Unpublished doctoral dissertation},
	title = {Heritage and second language learners of {Spanish}: {The} roles of task complexity and inhibitory control},
	school = {Georgetown University},
	author = {Torres, Julio},
	year = {2013}
}

@article{trude_negative_2011,
	title = {Negative transfer from {Spanish} and {English} to {Portuguese} pronunciation: {The} roles of inhibition and working memory},
	volume = {61},
	url = {https://onlinelibrary.wiley.com/doi/pdf/10.1111/j.1467-9922.2010.00611.x},
	number = {1},
	journal = {Language Learning},
	author = {Trude, Alison and Tokowicz, Natasha},
	year = {2011},
	pages = {259--280}
}

@book{wiedmann_portugues_2008,
	address = {São Paulo, Brasil},
	title = {Português para falantes de {Espanhol}: {Ensino} e aquisição/{Portuguese} for {Spanish} speakers: {Teaching} and acquisition. {Selected} articles in {Portuguese} and {English}},
	publisher = {Pontes},
	author = {Wiedmann, Lyris and Scaramucci, Matilde},
	year = {2008}
}

@misc{wiedmann_portuguese_2009,
	address = {Albuquerque, NM},
	type = {Paper},
	title = {Portuguese for {Spanish} speakers: {What} research tells us},
	author = {Wiedmann, Lyris},
	year = {2009}
}

@incollection{zyzik_towards_2016,
	address = {Washington D.C.},
	title = {Towards a prototype model of the heritage language learner: {Understanding} strengths and needs},
	booktitle = {Innovative approaches to heritage language teaching},
	publisher = {Georgetown University Press},
	author = {Zyzik, Eve},
	editor = {Fairclough, Marta and Beaudrie, Sara},
	year = {2016},
	pages = {19--38}
}
