@incollection{cenoz_effect_2001,
	address = {Clevedon},
	title = {The effect of linguistic distance, {L2} status and age on cross-linguistic influence in third language acquisition},
	booktitle = {Cross-linguistic influence in third language acquisition: {Psycholinguistic} perspectives},
	publisher = {Multilingual Matters},
	author = {Cenoz, Jasone},
	editor = {Cenoz, Jasone and Hufeisen, Britta and Jessner, Ulrike},
	year = {2001},
	pages = {8--20}
}

@article{cenoz_additive_2003,
	title = {The additive effect of bilingualism on third language acquisition: a review},
	volume = {7},
	number = {1},
	journal = {The International Journal of Bilingualism},
	author = {Cenoz, Jasone},
	year = {2003},
	pages = {1--5}
}

@book{cook_second_2001,
	address = {London},
	title = {Second language learning and language teaching},
	publisher = {Arnold},
	author = {Cook, Vivian},
	year = {2001}
}

@book{cook_understanding_1985,
	address = {Oxford},
	title = {Understanding second language acquisition},
	publisher = {Oxford University Press},
	author = {Cook, Vivian},
	year = {1985}
}

@book{freeman_between_2001,
	address = {Porthsmouth, NH},
	title = {Between worlds: {Access} to second language acquisition},
	publisher = {Heinemann},
	author = {Freeman, David and Freeman, Yvonne},
	year = {2001}
}

@incollection{herdina_dynamics_2000,
	address = {Clevedon},
	title = {The dynamics of a third language acquisition},
	booktitle = {English in {Europe} â€“ {The} acquisition of a third language},
	publisher = {Multilingual Matters},
	author = {Herdina, Philip and Jessner, Ulrike},
	editor = {Cenoz, Jasone and Jessner, Ulrike},
	year = {2000},
	pages = {84--88}
}

@article{jessner_metalinguistic_1999,
	title = {Metalinguistic awareness in multilinguals: {Cognitive} aspects of third language learning},
	volume = {8},
	number = {3,4},
	journal = {Language Awareness},
	author = {Jessner, Ulrike},
	year = {1999},
	pages = {201--209}
}

@book{mitchel_second_2004,
	address = {London},
	title = {Second language theories},
	publisher = {Hodder Arnold},
	author = {Mitchel, Rosamond and Myles, Florence},
	year = {2004}
}

@incollection{nunan_second_nodate,
	address = {Cambridge},
	title = {Second language acquisition},
	booktitle = {The {Cambridge} guide to teaching {English} to speakers of other languages},
	publisher = {Cambridge University Press},
	author = {Nunan, David},
	editor = {Carter, Ronald and Nunan, David}
}
